%YAML 1.1
%TAG !u! tag:unity3d.com,2011:
--- !u!1 &8274423540421837649
GameObject:
  m_ObjectHideFlags: 0
  m_CorrespondingSourceObject: {fileID: 0}
  m_PrefabInstance: {fileID: 0}
  m_PrefabAsset: {fileID: 0}
  serializedVersion: 6
  m_Component:
  - component: {fileID: 8274423540421837658}
  - component: {fileID: 8274423540421837659}
  - component: {fileID: 8274423540421837652}
  - component: {fileID: 8274423540421837653}
  - component: {fileID: 8274423540421837654}
  - component: {fileID: 8274423540421837655}
  - component: {fileID: 8274423540421837648}
  m_Layer: 0
  m_Name: Soga 4 jugadores
  m_TagString: Soga
  m_Icon: {fileID: 0}
  m_NavMeshLayer: 0
  m_StaticEditorFlags: 0
  m_IsActive: 1
--- !u!4 &8274423540421837658
Transform:
  m_ObjectHideFlags: 0
  m_CorrespondingSourceObject: {fileID: 0}
  m_PrefabInstance: {fileID: 0}
  m_PrefabAsset: {fileID: 0}
  m_GameObject: {fileID: 8274423540421837649}
  m_LocalRotation: {x: 0, y: 0, z: 0, w: 1}
  m_LocalPosition: {x: 11.53, y: 9.92, z: 1.3}
  m_LocalScale: {x: 3.571122, y: 1.0490882, z: 1}
  m_ConstrainProportionsScale: 0
  m_Children: []
  m_Father: {fileID: 0}
  m_RootOrder: 0
  m_LocalEulerAnglesHint: {x: 0, y: 0, z: 0}
--- !u!114 &8274423540421837659
MonoBehaviour:
  m_ObjectHideFlags: 0
  m_CorrespondingSourceObject: {fileID: 0}
  m_PrefabInstance: {fileID: 0}
  m_PrefabAsset: {fileID: 0}
  m_GameObject: {fileID: 8274423540421837649}
  m_Enabled: 1
  m_EditorHideFlags: 0
  m_Script: {fileID: 11500000, guid: 8233d90336aea43098adf6dbabd606a2, type: 3}
  m_Name: 
  m_EditorClassIdentifier: 
  m_MeshFormatVersion: 2
  m_Faces:
  - m_Indexes: 020000000300000001000000020000000100000000000000
    m_SmoothingGroup: 0
    m_Uv:
      m_UseWorldSpace: 0
      m_FlipU: 0
      m_FlipV: 0
      m_SwapUV: 0
      m_Fill: 1
      m_Scale: {x: 1, y: 1}
      m_Offset: {x: 0, y: 0}
      m_Rotation: 0
      m_Anchor: 9
    m_Material: {fileID: 0}
    m_SubmeshIndex: 0
    m_ManualUV: 0
    elementGroup: -1
    m_TextureGroup: -1
  - m_Indexes: 060000000700000005000000060000000500000004000000
    m_SmoothingGroup: 1
    m_Uv:
      m_UseWorldSpace: 0
      m_FlipU: 0
      m_FlipV: 0
      m_SwapUV: 0
      m_Fill: 1
      m_Scale: {x: 1, y: 1}
      m_Offset: {x: 0, y: 0}
      m_Rotation: 0
      m_Anchor: 9
    m_Material: {fileID: 0}
    m_SubmeshIndex: 0
    m_ManualUV: 0
    elementGroup: -1
    m_TextureGroup: -1
  - m_Indexes: 0a0000000b000000090000000a0000000900000008000000
    m_SmoothingGroup: 1
    m_Uv:
      m_UseWorldSpace: 0
      m_FlipU: 0
      m_FlipV: 0
      m_SwapUV: 0
      m_Fill: 1
      m_Scale: {x: 1, y: 1}
      m_Offset: {x: 0, y: 0}
      m_Rotation: 0
      m_Anchor: 9
    m_Material: {fileID: 0}
    m_SubmeshIndex: 0
    m_ManualUV: 0
    elementGroup: -1
    m_TextureGroup: -1
  - m_Indexes: 0e0000000f0000000d0000000e0000000d0000000c000000
    m_SmoothingGroup: 1
    m_Uv:
      m_UseWorldSpace: 0
      m_FlipU: 0
      m_FlipV: 0
      m_SwapUV: 0
      m_Fill: 1
      m_Scale: {x: 1, y: 1}
      m_Offset: {x: 0, y: 0}
      m_Rotation: 0
      m_Anchor: 9
    m_Material: {fileID: 0}
    m_SubmeshIndex: 0
    m_ManualUV: 0
    elementGroup: -1
    m_TextureGroup: -1
  - m_Indexes: 120000001300000011000000120000001100000010000000
    m_SmoothingGroup: 1
    m_Uv:
      m_UseWorldSpace: 0
      m_FlipU: 0
      m_FlipV: 0
      m_SwapUV: 0
      m_Fill: 1
      m_Scale: {x: 1, y: 1}
      m_Offset: {x: 0, y: 0}
      m_Rotation: 0
      m_Anchor: 9
    m_Material: {fileID: 0}
    m_SubmeshIndex: 0
    m_ManualUV: 0
    elementGroup: -1
    m_TextureGroup: -1
  - m_Indexes: 160000001700000015000000160000001500000014000000
    m_SmoothingGroup: 1
    m_Uv:
      m_UseWorldSpace: 0
      m_FlipU: 0
      m_FlipV: 0
      m_SwapUV: 0
      m_Fill: 1
      m_Scale: {x: 1, y: 1}
      m_Offset: {x: 0, y: 0}
      m_Rotation: 0
      m_Anchor: 9
    m_Material: {fileID: 0}
    m_SubmeshIndex: 0
    m_ManualUV: 0
    elementGroup: -1
    m_TextureGroup: -1
  - m_Indexes: 1a0000001b000000190000001a0000001900000018000000
    m_SmoothingGroup: 1
    m_Uv:
      m_UseWorldSpace: 0
      m_FlipU: 0
      m_FlipV: 0
      m_SwapUV: 0
      m_Fill: 1
      m_Scale: {x: 1, y: 1}
      m_Offset: {x: 0, y: 0}
      m_Rotation: 0
      m_Anchor: 9
    m_Material: {fileID: 0}
    m_SubmeshIndex: 0
    m_ManualUV: 0
    elementGroup: -1
    m_TextureGroup: -1
  - m_Indexes: 1e0000001f0000001d0000001e0000001d0000001c000000
    m_SmoothingGroup: 1
    m_Uv:
      m_UseWorldSpace: 0
      m_FlipU: 0
      m_FlipV: 0
      m_SwapUV: 0
      m_Fill: 1
      m_Scale: {x: 1, y: 1}
      m_Offset: {x: 0, y: 0}
      m_Rotation: 0
      m_Anchor: 9
    m_Material: {fileID: 0}
    m_SubmeshIndex: 0
    m_ManualUV: 0
    elementGroup: -1
    m_TextureGroup: -1
  - m_Indexes: 220000002300000021000000220000002100000020000000
    m_SmoothingGroup: 1
    m_Uv:
      m_UseWorldSpace: 0
      m_FlipU: 0
      m_FlipV: 0
      m_SwapUV: 0
      m_Fill: 1
      m_Scale: {x: 1, y: 1}
      m_Offset: {x: 0, y: 0}
      m_Rotation: 0
      m_Anchor: 9
    m_Material: {fileID: 0}
    m_SubmeshIndex: 0
    m_ManualUV: 0
    elementGroup: -1
    m_TextureGroup: -1
  - m_Indexes: 260000002700000025000000260000002500000024000000
    m_SmoothingGroup: 1
    m_Uv:
      m_UseWorldSpace: 0
      m_FlipU: 0
      m_FlipV: 0
      m_SwapUV: 0
      m_Fill: 1
      m_Scale: {x: 1, y: 1}
      m_Offset: {x: 0, y: 0}
      m_Rotation: 0
      m_Anchor: 9
    m_Material: {fileID: 0}
    m_SubmeshIndex: 0
    m_ManualUV: 0
    elementGroup: -1
    m_TextureGroup: -1
  - m_Indexes: 2a0000002b000000290000002a0000002900000028000000
    m_SmoothingGroup: 1
    m_Uv:
      m_UseWorldSpace: 0
      m_FlipU: 0
      m_FlipV: 0
      m_SwapUV: 0
      m_Fill: 1
      m_Scale: {x: 1, y: 1}
      m_Offset: {x: 0, y: 0}
      m_Rotation: 0
      m_Anchor: 9
    m_Material: {fileID: 0}
    m_SubmeshIndex: 0
    m_ManualUV: 0
    elementGroup: -1
    m_TextureGroup: -1
  - m_Indexes: 2e0000002f0000002d0000002e0000002d0000002c000000
    m_SmoothingGroup: 1
    m_Uv:
      m_UseWorldSpace: 0
      m_FlipU: 0
      m_FlipV: 0
      m_SwapUV: 0
      m_Fill: 1
      m_Scale: {x: 1, y: 1}
      m_Offset: {x: 0, y: 0}
      m_Rotation: 0
      m_Anchor: 9
    m_Material: {fileID: 0}
    m_SubmeshIndex: 0
    m_ManualUV: 0
    elementGroup: -1
    m_TextureGroup: -1
  - m_Indexes: 320000003300000031000000320000003100000030000000
    m_SmoothingGroup: 1
    m_Uv:
      m_UseWorldSpace: 0
      m_FlipU: 0
      m_FlipV: 0
      m_SwapUV: 0
      m_Fill: 1
      m_Scale: {x: 1, y: 1}
      m_Offset: {x: 0, y: 0}
      m_Rotation: 0
      m_Anchor: 9
    m_Material: {fileID: 0}
    m_SubmeshIndex: 0
    m_ManualUV: 0
    elementGroup: -1
    m_TextureGroup: -1
  - m_Indexes: 360000003700000035000000360000003500000034000000
    m_SmoothingGroup: 1
    m_Uv:
      m_UseWorldSpace: 0
      m_FlipU: 0
      m_FlipV: 0
      m_SwapUV: 0
      m_Fill: 1
      m_Scale: {x: 1, y: 1}
      m_Offset: {x: 0, y: 0}
      m_Rotation: 0
      m_Anchor: 9
    m_Material: {fileID: 0}
    m_SubmeshIndex: 0
    m_ManualUV: 0
    elementGroup: -1
    m_TextureGroup: -1
  - m_Indexes: 3a0000003b000000390000003a0000003900000038000000
    m_SmoothingGroup: 1
    m_Uv:
      m_UseWorldSpace: 0
      m_FlipU: 0
      m_FlipV: 0
      m_SwapUV: 0
      m_Fill: 1
      m_Scale: {x: 1, y: 1}
      m_Offset: {x: 0, y: 0}
      m_Rotation: 0
      m_Anchor: 9
    m_Material: {fileID: 0}
    m_SubmeshIndex: 0
    m_ManualUV: 0
    elementGroup: -1
    m_TextureGroup: -1
  - m_Indexes: 3e0000003f0000003d0000003e0000003d0000003c000000
    m_SmoothingGroup: 1
    m_Uv:
      m_UseWorldSpace: 0
      m_FlipU: 0
      m_FlipV: 0
      m_SwapUV: 0
      m_Fill: 1
      m_Scale: {x: 1, y: 1}
      m_Offset: {x: 0, y: 0}
      m_Rotation: 0
      m_Anchor: 9
    m_Material: {fileID: 0}
    m_SubmeshIndex: 0
    m_ManualUV: 0
    elementGroup: -1
    m_TextureGroup: -1
  - m_Indexes: 420000004300000041000000420000004100000040000000
    m_SmoothingGroup: 1
    m_Uv:
      m_UseWorldSpace: 0
      m_FlipU: 0
      m_FlipV: 0
      m_SwapUV: 0
      m_Fill: 1
      m_Scale: {x: 1, y: 1}
      m_Offset: {x: 0, y: 0}
      m_Rotation: 0
      m_Anchor: 9
    m_Material: {fileID: 0}
    m_SubmeshIndex: 0
    m_ManualUV: 0
    elementGroup: -1
    m_TextureGroup: -1
  - m_Indexes: 460000004700000045000000460000004500000044000000
    m_SmoothingGroup: 1
    m_Uv:
      m_UseWorldSpace: 0
      m_FlipU: 0
      m_FlipV: 0
      m_SwapUV: 0
      m_Fill: 1
      m_Scale: {x: 1, y: 1}
      m_Offset: {x: 0, y: 0}
      m_Rotation: 0
      m_Anchor: 9
    m_Material: {fileID: 0}
    m_SubmeshIndex: 0
    m_ManualUV: 0
    elementGroup: -1
    m_TextureGroup: -1
  - m_Indexes: 4a0000004b000000490000004a0000004900000048000000
    m_SmoothingGroup: 1
    m_Uv:
      m_UseWorldSpace: 0
      m_FlipU: 0
      m_FlipV: 0
      m_SwapUV: 0
      m_Fill: 1
      m_Scale: {x: 1, y: 1}
      m_Offset: {x: 0, y: 0}
      m_Rotation: 0
      m_Anchor: 9
    m_Material: {fileID: 0}
    m_SubmeshIndex: 0
    m_ManualUV: 0
    elementGroup: -1
    m_TextureGroup: -1
  - m_Indexes: 4e0000004f0000004d0000004e0000004d0000004c000000
    m_SmoothingGroup: 1
    m_Uv:
      m_UseWorldSpace: 0
      m_FlipU: 0
      m_FlipV: 0
      m_SwapUV: 0
      m_Fill: 1
      m_Scale: {x: 1, y: 1}
      m_Offset: {x: 0, y: 0}
      m_Rotation: 0
      m_Anchor: 9
    m_Material: {fileID: 0}
    m_SubmeshIndex: 0
    m_ManualUV: 0
    elementGroup: -1
    m_TextureGroup: -1
  - m_Indexes: 520000005300000051000000520000005100000050000000
    m_SmoothingGroup: 1
    m_Uv:
      m_UseWorldSpace: 0
      m_FlipU: 0
      m_FlipV: 0
      m_SwapUV: 0
      m_Fill: 1
      m_Scale: {x: 1, y: 1}
      m_Offset: {x: 0, y: 0}
      m_Rotation: 0
      m_Anchor: 9
    m_Material: {fileID: 0}
    m_SubmeshIndex: 0
    m_ManualUV: 0
    elementGroup: -1
    m_TextureGroup: -1
  - m_Indexes: 560000005700000055000000560000005500000054000000
    m_SmoothingGroup: 1
    m_Uv:
      m_UseWorldSpace: 0
      m_FlipU: 0
      m_FlipV: 0
      m_SwapUV: 0
      m_Fill: 1
      m_Scale: {x: 1, y: 1}
      m_Offset: {x: 0, y: 0}
      m_Rotation: 0
      m_Anchor: 9
    m_Material: {fileID: 0}
    m_SubmeshIndex: 0
    m_ManualUV: 0
    elementGroup: -1
    m_TextureGroup: -1
  - m_Indexes: 5a0000005b000000590000005a0000005900000058000000
    m_SmoothingGroup: 1
    m_Uv:
      m_UseWorldSpace: 0
      m_FlipU: 0
      m_FlipV: 0
      m_SwapUV: 0
      m_Fill: 1
      m_Scale: {x: 1, y: 1}
      m_Offset: {x: 0, y: 0}
      m_Rotation: 0
      m_Anchor: 9
    m_Material: {fileID: 0}
    m_SubmeshIndex: 0
    m_ManualUV: 0
    elementGroup: -1
    m_TextureGroup: -1
  - m_Indexes: 5e0000005f0000005d0000005e0000005d0000005c000000
    m_SmoothingGroup: 1
    m_Uv:
      m_UseWorldSpace: 0
      m_FlipU: 0
      m_FlipV: 0
      m_SwapUV: 0
      m_Fill: 1
      m_Scale: {x: 1, y: 1}
      m_Offset: {x: 0, y: 0}
      m_Rotation: 0
      m_Anchor: 9
    m_Material: {fileID: 0}
    m_SubmeshIndex: 0
    m_ManualUV: 0
    elementGroup: -1
    m_TextureGroup: -1
  - m_Indexes: 620000006300000061000000620000006100000060000000
    m_SmoothingGroup: 1
    m_Uv:
      m_UseWorldSpace: 0
      m_FlipU: 0
      m_FlipV: 0
      m_SwapUV: 0
      m_Fill: 1
      m_Scale: {x: 1, y: 1}
      m_Offset: {x: 0, y: 0}
      m_Rotation: 0
      m_Anchor: 9
    m_Material: {fileID: 0}
    m_SubmeshIndex: 0
    m_ManualUV: 0
    elementGroup: -1
    m_TextureGroup: -1
  - m_Indexes: 660000006700000065000000660000006500000064000000
    m_SmoothingGroup: 1
    m_Uv:
      m_UseWorldSpace: 0
      m_FlipU: 0
      m_FlipV: 0
      m_SwapUV: 0
      m_Fill: 1
      m_Scale: {x: 1, y: 1}
      m_Offset: {x: 0, y: 0}
      m_Rotation: 0
      m_Anchor: 9
    m_Material: {fileID: 0}
    m_SubmeshIndex: 0
    m_ManualUV: 0
    elementGroup: -1
    m_TextureGroup: -1
  - m_Indexes: 6a0000006b000000690000006a0000006900000068000000
    m_SmoothingGroup: 1
    m_Uv:
      m_UseWorldSpace: 0
      m_FlipU: 0
      m_FlipV: 0
      m_SwapUV: 0
      m_Fill: 1
      m_Scale: {x: 1, y: 1}
      m_Offset: {x: 0, y: 0}
      m_Rotation: 0
      m_Anchor: 9
    m_Material: {fileID: 0}
    m_SubmeshIndex: 0
    m_ManualUV: 0
    elementGroup: -1
    m_TextureGroup: -1
  - m_Indexes: 6e0000006f0000006d0000006e0000006d0000006c000000
    m_SmoothingGroup: 1
    m_Uv:
      m_UseWorldSpace: 0
      m_FlipU: 0
      m_FlipV: 0
      m_SwapUV: 0
      m_Fill: 1
      m_Scale: {x: 1, y: 1}
      m_Offset: {x: 0, y: 0}
      m_Rotation: 0
      m_Anchor: 9
    m_Material: {fileID: 0}
    m_SubmeshIndex: 0
    m_ManualUV: 0
    elementGroup: -1
    m_TextureGroup: -1
  - m_Indexes: 720000007300000071000000720000007100000070000000
    m_SmoothingGroup: 1
    m_Uv:
      m_UseWorldSpace: 0
      m_FlipU: 0
      m_FlipV: 0
      m_SwapUV: 0
      m_Fill: 1
      m_Scale: {x: 1, y: 1}
      m_Offset: {x: 0, y: 0}
      m_Rotation: 0
      m_Anchor: 9
    m_Material: {fileID: 0}
    m_SubmeshIndex: 0
    m_ManualUV: 0
    elementGroup: -1
    m_TextureGroup: -1
  - m_Indexes: 760000007700000075000000760000007500000074000000
    m_SmoothingGroup: 1
    m_Uv:
      m_UseWorldSpace: 0
      m_FlipU: 0
      m_FlipV: 0
      m_SwapUV: 0
      m_Fill: 1
      m_Scale: {x: 1, y: 1}
      m_Offset: {x: 0, y: 0}
      m_Rotation: 0
      m_Anchor: 9
    m_Material: {fileID: 0}
    m_SubmeshIndex: 0
    m_ManualUV: 0
    elementGroup: -1
    m_TextureGroup: -1
  - m_Indexes: 7a0000007b000000790000007a0000007900000078000000
    m_SmoothingGroup: 1
    m_Uv:
      m_UseWorldSpace: 0
      m_FlipU: 0
      m_FlipV: 0
      m_SwapUV: 0
      m_Fill: 1
      m_Scale: {x: 1, y: 1}
      m_Offset: {x: 0, y: 0}
      m_Rotation: 0
      m_Anchor: 9
    m_Material: {fileID: 0}
    m_SubmeshIndex: 0
    m_ManualUV: 0
    elementGroup: -1
    m_TextureGroup: -1
  - m_Indexes: 7e0000007f0000007d0000007e0000007d0000007c000000
    m_SmoothingGroup: 1
    m_Uv:
      m_UseWorldSpace: 0
      m_FlipU: 0
      m_FlipV: 0
      m_SwapUV: 0
      m_Fill: 1
      m_Scale: {x: 1, y: 1}
      m_Offset: {x: 0, y: 0}
      m_Rotation: 0
      m_Anchor: 9
    m_Material: {fileID: 0}
    m_SubmeshIndex: 0
    m_ManualUV: 0
    elementGroup: -1
    m_TextureGroup: -1
  - m_Indexes: 820000008300000081000000820000008100000080000000
    m_SmoothingGroup: 1
    m_Uv:
      m_UseWorldSpace: 0
      m_FlipU: 0
      m_FlipV: 0
      m_SwapUV: 0
      m_Fill: 1
      m_Scale: {x: 1, y: 1}
      m_Offset: {x: 0, y: 0}
      m_Rotation: 0
      m_Anchor: 9
    m_Material: {fileID: 0}
    m_SubmeshIndex: 0
    m_ManualUV: 0
    elementGroup: -1
    m_TextureGroup: -1
  - m_Indexes: 860000008700000085000000860000008500000084000000
    m_SmoothingGroup: 1
    m_Uv:
      m_UseWorldSpace: 0
      m_FlipU: 0
      m_FlipV: 0
      m_SwapUV: 0
      m_Fill: 1
      m_Scale: {x: 1, y: 1}
      m_Offset: {x: 0, y: 0}
      m_Rotation: 0
      m_Anchor: 9
    m_Material: {fileID: 0}
    m_SubmeshIndex: 0
    m_ManualUV: 0
    elementGroup: -1
    m_TextureGroup: -1
  - m_Indexes: 8a0000008b000000890000008a0000008900000088000000
    m_SmoothingGroup: 1
    m_Uv:
      m_UseWorldSpace: 0
      m_FlipU: 0
      m_FlipV: 0
      m_SwapUV: 0
      m_Fill: 1
      m_Scale: {x: 1, y: 1}
      m_Offset: {x: 0, y: 0}
      m_Rotation: 0
      m_Anchor: 9
    m_Material: {fileID: 0}
    m_SubmeshIndex: 0
    m_ManualUV: 0
    elementGroup: -1
    m_TextureGroup: -1
  - m_Indexes: 8e0000008f0000008d0000008e0000008d0000008c000000
    m_SmoothingGroup: 1
    m_Uv:
      m_UseWorldSpace: 0
      m_FlipU: 0
      m_FlipV: 0
      m_SwapUV: 0
      m_Fill: 1
      m_Scale: {x: 1, y: 1}
      m_Offset: {x: 0, y: 0}
      m_Rotation: 0
      m_Anchor: 9
    m_Material: {fileID: 0}
    m_SubmeshIndex: 0
    m_ManualUV: 0
    elementGroup: -1
    m_TextureGroup: -1
  - m_Indexes: 920000009300000091000000920000009100000090000000
    m_SmoothingGroup: 0
    m_Uv:
      m_UseWorldSpace: 0
      m_FlipU: 0
      m_FlipV: 0
      m_SwapUV: 0
      m_Fill: 1
      m_Scale: {x: 1, y: 1}
      m_Offset: {x: 0, y: 0}
      m_Rotation: 0
      m_Anchor: 9
    m_Material: {fileID: 0}
    m_SubmeshIndex: 0
    m_ManualUV: 0
    elementGroup: -1
    m_TextureGroup: -1
  - m_Indexes: 960000009700000095000000960000009500000094000000
    m_SmoothingGroup: 0
    m_Uv:
      m_UseWorldSpace: 0
      m_FlipU: 0
      m_FlipV: 0
      m_SwapUV: 0
      m_Fill: 1
      m_Scale: {x: 1, y: 1}
      m_Offset: {x: 0, y: 0}
      m_Rotation: 0
      m_Anchor: 9
    m_Material: {fileID: 0}
    m_SubmeshIndex: 0
    m_ManualUV: 0
    elementGroup: -1
    m_TextureGroup: -1
  - m_Indexes: 9a0000009b000000990000009a0000009900000098000000
    m_SmoothingGroup: 0
    m_Uv:
      m_UseWorldSpace: 0
      m_FlipU: 0
      m_FlipV: 0
      m_SwapUV: 0
      m_Fill: 1
      m_Scale: {x: 1, y: 1}
      m_Offset: {x: 0, y: 0}
      m_Rotation: 0
      m_Anchor: 9
    m_Material: {fileID: 0}
    m_SubmeshIndex: 0
    m_ManualUV: 0
    elementGroup: -1
    m_TextureGroup: -1
  - m_Indexes: 9e0000009f0000009d0000009e0000009d0000009c000000
    m_SmoothingGroup: 0
    m_Uv:
      m_UseWorldSpace: 0
      m_FlipU: 0
      m_FlipV: 0
      m_SwapUV: 0
      m_Fill: 1
      m_Scale: {x: 1, y: 1}
      m_Offset: {x: 0, y: 0}
      m_Rotation: 0
      m_Anchor: 9
    m_Material: {fileID: 0}
    m_SubmeshIndex: 0
    m_ManualUV: 0
    elementGroup: -1
    m_TextureGroup: -1
  - m_Indexes: a2000000a3000000a1000000a2000000a1000000a0000000
    m_SmoothingGroup: 0
    m_Uv:
      m_UseWorldSpace: 0
      m_FlipU: 0
      m_FlipV: 0
      m_SwapUV: 0
      m_Fill: 1
      m_Scale: {x: 1, y: 1}
      m_Offset: {x: 0, y: 0}
      m_Rotation: 0
      m_Anchor: 9
    m_Material: {fileID: 0}
    m_SubmeshIndex: 0
    m_ManualUV: 0
    elementGroup: -1
    m_TextureGroup: -1
  - m_Indexes: a6000000a7000000a5000000a6000000a5000000a4000000
    m_SmoothingGroup: 0
    m_Uv:
      m_UseWorldSpace: 0
      m_FlipU: 0
      m_FlipV: 0
      m_SwapUV: 0
      m_Fill: 1
      m_Scale: {x: 1, y: 1}
      m_Offset: {x: 0, y: 0}
      m_Rotation: 0
      m_Anchor: 9
    m_Material: {fileID: 0}
    m_SubmeshIndex: 0
    m_ManualUV: 0
    elementGroup: -1
    m_TextureGroup: -1
  - m_Indexes: aa000000ab000000a9000000aa000000a9000000a8000000
    m_SmoothingGroup: 0
    m_Uv:
      m_UseWorldSpace: 0
      m_FlipU: 0
      m_FlipV: 0
      m_SwapUV: 0
      m_Fill: 1
      m_Scale: {x: 1, y: 1}
      m_Offset: {x: 0, y: 0}
      m_Rotation: 0
      m_Anchor: 9
    m_Material: {fileID: 0}
    m_SubmeshIndex: 0
    m_ManualUV: 0
    elementGroup: -1
    m_TextureGroup: -1
  - m_Indexes: ae000000af000000ad000000ae000000ad000000ac000000
    m_SmoothingGroup: 0
    m_Uv:
      m_UseWorldSpace: 0
      m_FlipU: 0
      m_FlipV: 0
      m_SwapUV: 0
      m_Fill: 1
      m_Scale: {x: 1, y: 1}
      m_Offset: {x: 0, y: 0}
      m_Rotation: 0
      m_Anchor: 9
    m_Material: {fileID: 0}
    m_SubmeshIndex: 0
    m_ManualUV: 0
    elementGroup: -1
    m_TextureGroup: -1
  - m_Indexes: b2000000b3000000b1000000b2000000b1000000b0000000
    m_SmoothingGroup: 0
    m_Uv:
      m_UseWorldSpace: 0
      m_FlipU: 0
      m_FlipV: 0
      m_SwapUV: 0
      m_Fill: 1
      m_Scale: {x: 1, y: 1}
      m_Offset: {x: 0, y: 0}
      m_Rotation: 0
      m_Anchor: 9
    m_Material: {fileID: 0}
    m_SubmeshIndex: 0
    m_ManualUV: 0
    elementGroup: -1
    m_TextureGroup: -1
  - m_Indexes: b6000000b7000000b5000000b6000000b5000000b4000000
    m_SmoothingGroup: 0
    m_Uv:
      m_UseWorldSpace: 0
      m_FlipU: 0
      m_FlipV: 0
      m_SwapUV: 0
      m_Fill: 1
      m_Scale: {x: 1, y: 1}
      m_Offset: {x: 0, y: 0}
      m_Rotation: 0
      m_Anchor: 9
    m_Material: {fileID: 0}
    m_SubmeshIndex: 0
    m_ManualUV: 0
    elementGroup: -1
    m_TextureGroup: -1
  - m_Indexes: ba000000bb000000b9000000ba000000b9000000b8000000
    m_SmoothingGroup: 0
    m_Uv:
      m_UseWorldSpace: 0
      m_FlipU: 0
      m_FlipV: 0
      m_SwapUV: 0
      m_Fill: 1
      m_Scale: {x: 1, y: 1}
      m_Offset: {x: 0, y: 0}
      m_Rotation: 0
      m_Anchor: 9
    m_Material: {fileID: 0}
    m_SubmeshIndex: 0
    m_ManualUV: 0
    elementGroup: -1
    m_TextureGroup: -1
  - m_Indexes: be000000bf000000bd000000be000000bd000000bc000000
    m_SmoothingGroup: 0
    m_Uv:
      m_UseWorldSpace: 0
      m_FlipU: 0
      m_FlipV: 0
      m_SwapUV: 0
      m_Fill: 1
      m_Scale: {x: 1, y: 1}
      m_Offset: {x: 0, y: 0}
      m_Rotation: 0
      m_Anchor: 9
    m_Material: {fileID: 0}
    m_SubmeshIndex: 0
    m_ManualUV: 0
    elementGroup: -1
    m_TextureGroup: -1
  - m_Indexes: c2000000c3000000c1000000c2000000c1000000c0000000
    m_SmoothingGroup: 0
    m_Uv:
      m_UseWorldSpace: 0
      m_FlipU: 0
      m_FlipV: 0
      m_SwapUV: 0
      m_Fill: 1
      m_Scale: {x: 1, y: 1}
      m_Offset: {x: 0, y: 0}
      m_Rotation: 0
      m_Anchor: 9
    m_Material: {fileID: 0}
    m_SubmeshIndex: 0
    m_ManualUV: 0
    elementGroup: -1
    m_TextureGroup: -1
  - m_Indexes: c6000000c7000000c5000000c6000000c5000000c4000000
    m_SmoothingGroup: 0
    m_Uv:
      m_UseWorldSpace: 0
      m_FlipU: 0
      m_FlipV: 0
      m_SwapUV: 0
      m_Fill: 1
      m_Scale: {x: 1, y: 1}
      m_Offset: {x: 0, y: 0}
      m_Rotation: 0
      m_Anchor: 9
    m_Material: {fileID: 0}
    m_SubmeshIndex: 0
    m_ManualUV: 0
    elementGroup: -1
    m_TextureGroup: -1
  - m_Indexes: ca000000cb000000c9000000ca000000c9000000c8000000
    m_SmoothingGroup: 0
    m_Uv:
      m_UseWorldSpace: 0
      m_FlipU: 0
      m_FlipV: 0
      m_SwapUV: 0
      m_Fill: 1
      m_Scale: {x: 1, y: 1}
      m_Offset: {x: 0, y: 0}
      m_Rotation: 0
      m_Anchor: 9
    m_Material: {fileID: 0}
    m_SubmeshIndex: 0
    m_ManualUV: 0
    elementGroup: -1
    m_TextureGroup: -1
  - m_Indexes: ce000000cf000000cd000000ce000000cd000000cc000000
    m_SmoothingGroup: 0
    m_Uv:
      m_UseWorldSpace: 0
      m_FlipU: 0
      m_FlipV: 0
      m_SwapUV: 0
      m_Fill: 1
      m_Scale: {x: 1, y: 1}
      m_Offset: {x: 0, y: 0}
      m_Rotation: 0
      m_Anchor: 9
    m_Material: {fileID: 0}
    m_SubmeshIndex: 0
    m_ManualUV: 0
    elementGroup: -1
    m_TextureGroup: -1
  - m_Indexes: d2000000d3000000d1000000d2000000d1000000d0000000
    m_SmoothingGroup: 0
    m_Uv:
      m_UseWorldSpace: 0
      m_FlipU: 0
      m_FlipV: 0
      m_SwapUV: 0
      m_Fill: 1
      m_Scale: {x: 1, y: 1}
      m_Offset: {x: 0, y: 0}
      m_Rotation: 0
      m_Anchor: 9
    m_Material: {fileID: 0}
    m_SubmeshIndex: 0
    m_ManualUV: 0
    elementGroup: -1
    m_TextureGroup: -1
  - m_Indexes: d6000000d7000000d5000000d6000000d5000000d4000000
    m_SmoothingGroup: 0
    m_Uv:
      m_UseWorldSpace: 0
      m_FlipU: 0
      m_FlipV: 0
      m_SwapUV: 0
      m_Fill: 1
      m_Scale: {x: 1, y: 1}
      m_Offset: {x: 0, y: 0}
      m_Rotation: 0
      m_Anchor: 9
    m_Material: {fileID: 0}
    m_SubmeshIndex: 0
    m_ManualUV: 0
    elementGroup: -1
    m_TextureGroup: -1
  - m_Indexes: da000000db000000d9000000da000000d9000000d8000000
    m_SmoothingGroup: 0
    m_Uv:
      m_UseWorldSpace: 0
      m_FlipU: 0
      m_FlipV: 0
      m_SwapUV: 0
      m_Fill: 1
      m_Scale: {x: 1, y: 1}
      m_Offset: {x: 0, y: 0}
      m_Rotation: 0
      m_Anchor: 9
    m_Material: {fileID: 0}
    m_SubmeshIndex: 0
    m_ManualUV: 0
    elementGroup: -1
    m_TextureGroup: -1
  - m_Indexes: de000000df000000dd000000de000000dd000000dc000000
    m_SmoothingGroup: 0
    m_Uv:
      m_UseWorldSpace: 0
      m_FlipU: 0
      m_FlipV: 0
      m_SwapUV: 0
      m_Fill: 1
      m_Scale: {x: 1, y: 1}
      m_Offset: {x: 0, y: 0}
      m_Rotation: 0
      m_Anchor: 9
    m_Material: {fileID: 0}
    m_SubmeshIndex: 0
    m_ManualUV: 0
    elementGroup: -1
    m_TextureGroup: -1
  - m_Indexes: e2000000e3000000e1000000e2000000e1000000e0000000
    m_SmoothingGroup: 0
    m_Uv:
      m_UseWorldSpace: 0
      m_FlipU: 0
      m_FlipV: 0
      m_SwapUV: 0
      m_Fill: 1
      m_Scale: {x: 1, y: 1}
      m_Offset: {x: 0, y: 0}
      m_Rotation: 0
      m_Anchor: 9
    m_Material: {fileID: 0}
    m_SubmeshIndex: 0
    m_ManualUV: 0
    elementGroup: -1
    m_TextureGroup: -1
  - m_Indexes: e6000000e7000000e5000000e6000000e5000000e4000000
    m_SmoothingGroup: 0
    m_Uv:
      m_UseWorldSpace: 0
      m_FlipU: 0
      m_FlipV: 0
      m_SwapUV: 0
      m_Fill: 1
      m_Scale: {x: 1, y: 1}
      m_Offset: {x: 0, y: 0}
      m_Rotation: 0
      m_Anchor: 9
    m_Material: {fileID: 0}
    m_SubmeshIndex: 0
    m_ManualUV: 0
    elementGroup: -1
    m_TextureGroup: -1
  - m_Indexes: ea000000eb000000e9000000ea000000e9000000e8000000
    m_SmoothingGroup: 0
    m_Uv:
      m_UseWorldSpace: 0
      m_FlipU: 0
      m_FlipV: 0
      m_SwapUV: 0
      m_Fill: 1
      m_Scale: {x: 1, y: 1}
      m_Offset: {x: 0, y: 0}
      m_Rotation: 0
      m_Anchor: 9
    m_Material: {fileID: 0}
    m_SubmeshIndex: 0
    m_ManualUV: 0
    elementGroup: -1
    m_TextureGroup: -1
  - m_Indexes: ee000000ef000000ed000000ee000000ed000000ec000000
    m_SmoothingGroup: 0
    m_Uv:
      m_UseWorldSpace: 0
      m_FlipU: 0
      m_FlipV: 0
      m_SwapUV: 0
      m_Fill: 1
      m_Scale: {x: 1, y: 1}
      m_Offset: {x: 0, y: 0}
      m_Rotation: 0
      m_Anchor: 9
    m_Material: {fileID: 0}
    m_SubmeshIndex: 0
    m_ManualUV: 0
    elementGroup: -1
    m_TextureGroup: -1
  - m_Indexes: f2000000f3000000f1000000f2000000f1000000f0000000
    m_SmoothingGroup: 0
    m_Uv:
      m_UseWorldSpace: 0
      m_FlipU: 0
      m_FlipV: 0
      m_SwapUV: 0
      m_Fill: 1
      m_Scale: {x: 1, y: 1}
      m_Offset: {x: 0, y: 0}
      m_Rotation: 0
      m_Anchor: 9
    m_Material: {fileID: 0}
    m_SubmeshIndex: 0
    m_ManualUV: 0
    elementGroup: -1
    m_TextureGroup: -1
  - m_Indexes: f6000000f7000000f5000000f6000000f5000000f4000000
    m_SmoothingGroup: 0
    m_Uv:
      m_UseWorldSpace: 0
      m_FlipU: 0
      m_FlipV: 0
      m_SwapUV: 0
      m_Fill: 1
      m_Scale: {x: 1, y: 1}
      m_Offset: {x: 0, y: 0}
      m_Rotation: 0
      m_Anchor: 9
    m_Material: {fileID: 0}
    m_SubmeshIndex: 0
    m_ManualUV: 0
    elementGroup: -1
    m_TextureGroup: -1
  - m_Indexes: fa000000fb000000f9000000fa000000f9000000f8000000
    m_SmoothingGroup: 0
    m_Uv:
      m_UseWorldSpace: 0
      m_FlipU: 0
      m_FlipV: 0
      m_SwapUV: 0
      m_Fill: 1
      m_Scale: {x: 1, y: 1}
      m_Offset: {x: 0, y: 0}
      m_Rotation: 0
      m_Anchor: 9
    m_Material: {fileID: 0}
    m_SubmeshIndex: 0
    m_ManualUV: 0
    elementGroup: -1
    m_TextureGroup: -1
  - m_Indexes: fe000000ff000000fd000000fe000000fd000000fc000000
    m_SmoothingGroup: 0
    m_Uv:
      m_UseWorldSpace: 0
      m_FlipU: 0
      m_FlipV: 0
      m_SwapUV: 0
      m_Fill: 1
      m_Scale: {x: 1, y: 1}
      m_Offset: {x: 0, y: 0}
      m_Rotation: 0
      m_Anchor: 9
    m_Material: {fileID: 0}
    m_SubmeshIndex: 0
    m_ManualUV: 0
    elementGroup: -1
    m_TextureGroup: -1
  - m_Indexes: 020100000301000001010000020100000101000000010000
    m_SmoothingGroup: 0
    m_Uv:
      m_UseWorldSpace: 0
      m_FlipU: 0
      m_FlipV: 0
      m_SwapUV: 0
      m_Fill: 1
      m_Scale: {x: 1, y: 1}
      m_Offset: {x: 0, y: 0}
      m_Rotation: 0
      m_Anchor: 9
    m_Material: {fileID: 0}
    m_SubmeshIndex: 0
    m_ManualUV: 0
    elementGroup: -1
    m_TextureGroup: -1
  - m_Indexes: 060100000701000005010000060100000501000004010000
    m_SmoothingGroup: 0
    m_Uv:
      m_UseWorldSpace: 0
      m_FlipU: 0
      m_FlipV: 0
      m_SwapUV: 0
      m_Fill: 1
      m_Scale: {x: 1, y: 1}
      m_Offset: {x: 0, y: 0}
      m_Rotation: 0
      m_Anchor: 9
    m_Material: {fileID: 0}
    m_SubmeshIndex: 0
    m_ManualUV: 0
    elementGroup: -1
    m_TextureGroup: -1
  - m_Indexes: 0a0100000b010000090100000a0100000901000008010000
    m_SmoothingGroup: 0
    m_Uv:
      m_UseWorldSpace: 0
      m_FlipU: 0
      m_FlipV: 0
      m_SwapUV: 0
      m_Fill: 1
      m_Scale: {x: 1, y: 1}
      m_Offset: {x: 0, y: 0}
      m_Rotation: 0
      m_Anchor: 9
    m_Material: {fileID: 0}
    m_SubmeshIndex: 0
    m_ManualUV: 0
    elementGroup: -1
    m_TextureGroup: -1
  - m_Indexes: 0e0100000f0100000d0100000e0100000d0100000c010000
    m_SmoothingGroup: 0
    m_Uv:
      m_UseWorldSpace: 0
      m_FlipU: 0
      m_FlipV: 0
      m_SwapUV: 0
      m_Fill: 1
      m_Scale: {x: 1, y: 1}
      m_Offset: {x: 0, y: 0}
      m_Rotation: 0
      m_Anchor: 9
    m_Material: {fileID: 0}
    m_SubmeshIndex: 0
    m_ManualUV: 0
    elementGroup: -1
    m_TextureGroup: -1
  - m_Indexes: 120100001301000011010000120100001101000010010000
    m_SmoothingGroup: 0
    m_Uv:
      m_UseWorldSpace: 0
      m_FlipU: 0
      m_FlipV: 0
      m_SwapUV: 0
      m_Fill: 1
      m_Scale: {x: 1, y: 1}
      m_Offset: {x: 0, y: 0}
      m_Rotation: 0
      m_Anchor: 9
    m_Material: {fileID: 0}
    m_SubmeshIndex: 0
    m_ManualUV: 0
    elementGroup: -1
    m_TextureGroup: -1
  - m_Indexes: 160100001701000015010000160100001501000014010000
    m_SmoothingGroup: 0
    m_Uv:
      m_UseWorldSpace: 0
      m_FlipU: 0
      m_FlipV: 0
      m_SwapUV: 0
      m_Fill: 1
      m_Scale: {x: 1, y: 1}
      m_Offset: {x: 0, y: 0}
      m_Rotation: 0
      m_Anchor: 9
    m_Material: {fileID: 0}
    m_SubmeshIndex: 0
    m_ManualUV: 0
    elementGroup: -1
    m_TextureGroup: -1
  - m_Indexes: 1a0100001b010000190100001a0100001901000018010000
    m_SmoothingGroup: 0
    m_Uv:
      m_UseWorldSpace: 0
      m_FlipU: 0
      m_FlipV: 0
      m_SwapUV: 0
      m_Fill: 1
      m_Scale: {x: 1, y: 1}
      m_Offset: {x: 0, y: 0}
      m_Rotation: 0
      m_Anchor: 9
    m_Material: {fileID: 0}
    m_SubmeshIndex: 0
    m_ManualUV: 0
    elementGroup: -1
    m_TextureGroup: -1
  - m_Indexes: 1e0100001f0100001d0100001e0100001d0100001c010000
    m_SmoothingGroup: 0
    m_Uv:
      m_UseWorldSpace: 0
      m_FlipU: 0
      m_FlipV: 0
      m_SwapUV: 0
      m_Fill: 1
      m_Scale: {x: 1, y: 1}
      m_Offset: {x: 0, y: 0}
      m_Rotation: 0
      m_Anchor: 9
    m_Material: {fileID: 0}
    m_SubmeshIndex: 0
    m_ManualUV: 0
    elementGroup: -1
    m_TextureGroup: -1
  - m_Indexes: 220100002301000021010000220100002101000020010000
    m_SmoothingGroup: 0
    m_Uv:
      m_UseWorldSpace: 0
      m_FlipU: 0
      m_FlipV: 0
      m_SwapUV: 0
      m_Fill: 1
      m_Scale: {x: 1, y: 1}
      m_Offset: {x: 0, y: 0}
      m_Rotation: 0
      m_Anchor: 9
    m_Material: {fileID: 0}
    m_SubmeshIndex: 0
    m_ManualUV: 0
    elementGroup: -1
    m_TextureGroup: -1
  - m_Indexes: 260100002701000025010000260100002501000024010000
    m_SmoothingGroup: 0
    m_Uv:
      m_UseWorldSpace: 0
      m_FlipU: 0
      m_FlipV: 0
      m_SwapUV: 0
      m_Fill: 1
      m_Scale: {x: 1, y: 1}
      m_Offset: {x: 0, y: 0}
      m_Rotation: 0
      m_Anchor: 9
    m_Material: {fileID: 0}
    m_SubmeshIndex: 0
    m_ManualUV: 0
    elementGroup: -1
    m_TextureGroup: -1
  m_SharedVertices:
  - m_Vertices: 000000000600000098000000
  - m_Vertices: 010000000b0000009a000000
  - m_Vertices: 02000000040000009d000000
  - m_Vertices: 03000000090000009f000000
  - m_Vertices: 050000000c0000009c000000a5000000
  - m_Vertices: 070000000e00000099000000a0000000
  - m_Vertices: 08000000110000009e000000a7000000
  - m_Vertices: 0a000000130000009b000000a2000000
  - m_Vertices: 0d00000014000000a4000000ad000000
  - m_Vertices: 0f00000016000000a1000000a8000000
  - m_Vertices: 1000000019000000a6000000af000000
  - m_Vertices: 120000001b000000a3000000aa000000
  - m_Vertices: 150000001c000000ac000000b5000000
  - m_Vertices: 170000001e000000a9000000b0000000
  - m_Vertices: 1800000021000000ae000000b7000000
  - m_Vertices: 1a00000023000000ab000000b2000000
  - m_Vertices: 1d00000024000000b4000000bd000000
  - m_Vertices: 1f00000026000000b1000000b8000000
  - m_Vertices: 2000000029000000b6000000bf000000
  - m_Vertices: 220000002b000000b3000000ba000000
  - m_Vertices: 250000002c000000bc000000c5000000
  - m_Vertices: 270000002e000000b9000000c0000000
  - m_Vertices: 2800000031000000be000000c7000000
  - m_Vertices: 2a00000033000000bb000000c2000000
  - m_Vertices: 2d00000034000000c4000000cd000000
  - m_Vertices: 2f00000036000000c1000000c8000000
  - m_Vertices: 3000000039000000c6000000cf000000
  - m_Vertices: 320000003b000000c3000000ca000000
  - m_Vertices: 350000003c000000cc000000d5000000
  - m_Vertices: 370000003e000000c9000000d0000000
  - m_Vertices: 3800000041000000ce000000d7000000
  - m_Vertices: 3a00000043000000cb000000d2000000
  - m_Vertices: 3d00000044000000d4000000dd000000
  - m_Vertices: 3f00000046000000d1000000d8000000
  - m_Vertices: 4000000049000000d6000000df000000
  - m_Vertices: 420000004b000000d3000000da000000
  - m_Vertices: 450000004c000000dc000000e5000000
  - m_Vertices: 470000004e000000d9000000e0000000
  - m_Vertices: 4800000051000000de000000e7000000
  - m_Vertices: 4a00000053000000db000000e2000000
  - m_Vertices: 4d00000054000000e4000000ed000000
  - m_Vertices: 4f00000056000000e1000000e8000000
  - m_Vertices: 5000000059000000e6000000ef000000
  - m_Vertices: 520000005b000000e3000000ea000000
  - m_Vertices: 550000005c000000ec000000f5000000
  - m_Vertices: 570000005e000000e9000000f0000000
  - m_Vertices: 5800000061000000ee000000f7000000
  - m_Vertices: 5a00000063000000eb000000f2000000
  - m_Vertices: 5d00000064000000f4000000fd000000
  - m_Vertices: 5f00000066000000f1000000f8000000
  - m_Vertices: 6000000069000000f6000000ff000000
  - m_Vertices: 620000006b000000f3000000fa000000
  - m_Vertices: 650000006c000000fc00000005010000
  - m_Vertices: 670000006e000000f900000000010000
  - m_Vertices: 6800000071000000fe00000007010000
  - m_Vertices: 6a00000073000000fb00000002010000
  - m_Vertices: 6d00000074000000040100000d010000
  - m_Vertices: 6f000000760000000101000008010000
  - m_Vertices: 7000000079000000060100000f010000
  - m_Vertices: 720000007b000000030100000a010000
  - m_Vertices: 750000007c0000000c01000015010000
  - m_Vertices: 770000007e0000000901000010010000
  - m_Vertices: 78000000810000000e01000017010000
  - m_Vertices: 7a000000830000000b01000012010000
  - m_Vertices: 7d00000084000000140100001d010000
  - m_Vertices: 7f000000860000001101000018010000
  - m_Vertices: 8000000089000000160100001f010000
  - m_Vertices: 820000008b000000130100001a010000
  - m_Vertices: 850000008c0000001c01000025010000
  - m_Vertices: 870000008e0000001901000020010000
  - m_Vertices: 88000000910000001e01000027010000
  - m_Vertices: 8a000000930000001b01000022010000
  - m_Vertices: 8d0000009700000024010000
  - m_Vertices: 8f0000009500000021010000
  - m_Vertices: 900000009600000026010000
  - m_Vertices: 920000009400000023010000
  m_SharedTextures: []
  m_Positions:
  - {x: -13.881328, y: 0.00000047683716, z: 0.872504}
  - {x: -13.681328, y: 0.00000047683716, z: 0.872504}
  - {x: -13.881328, y: 0.00000047683716, z: 0.59420896}
  - {x: -13.681328, y: 0.00000047683716, z: 0.59420896}
  - {x: -13.881328, y: 0.00000047683716, z: 0.59420896}
  - {x: -13.775728, y: 1.5300779, z: 0.59420896}
  - {x: -13.881328, y: 0.00000047683716, z: 0.872504}
  - {x: -13.775728, y: 1.5300779, z: 0.872504}
  - {x: -13.578767, y: 1.4953485, z: 0.59420896}
  - {x: -13.681328, y: 0.00000047683716, z: 0.59420896}
  - {x: -13.578767, y: 1.4953485, z: 0.872504}
  - {x: -13.681328, y: 0.00000047683716, z: 0.872504}
  - {x: -13.775728, y: 1.5300779, z: 0.59420896}
  - {x: -13.462138, y: 3.0136647, z: 0.59420896}
  - {x: -13.775728, y: 1.5300779, z: 0.872504}
  - {x: -13.462138, y: 3.0136647, z: 0.872504}
  - {x: -13.2742, y: 2.9452608, z: 0.59420896}
  - {x: -13.578767, y: 1.4953485, z: 0.59420896}
  - {x: -13.2742, y: 2.9452608, z: 0.872504}
  - {x: -13.578767, y: 1.4953485, z: 0.872504}
  - {x: -13.462138, y: 3.0136647, z: 0.59420896}
  - {x: -12.950087, y: 4.405683, z: 0.59420896}
  - {x: -13.462138, y: 3.0136647, z: 0.872504}
  - {x: -12.950087, y: 4.405683, z: 0.872504}
  - {x: -12.776881, y: 4.305683, z: 0.59420896}
  - {x: -13.2742, y: 2.9452608, z: 0.59420896}
  - {x: -12.776881, y: 4.305683, z: 0.872504}
  - {x: -13.2742, y: 2.9452608, z: 0.872504}
  - {x: -12.950087, y: 4.405683, z: 0.59420896}
  - {x: -12.255131, y: 5.6638365, z: 0.59420896}
  - {x: -12.950087, y: 4.405683, z: 0.872504}
  - {x: -12.255131, y: 5.6638365, z: 0.872504}
  - {x: -12.101922, y: 5.5352793, z: 0.59420896}
  - {x: -12.776881, y: 4.305683, z: 0.59420896}
  - {x: -12.101922, y: 5.5352793, z: 0.872504}
  - {x: -12.776881, y: 4.305683, z: 0.872504}
  - {x: -12.255131, y: 5.6638365, z: 0.59420896}
  - {x: -11.398388, y: 6.749898, z: 0.59420896}
  - {x: -12.255131, y: 5.6638365, z: 0.872504}
  - {x: -11.398388, y: 6.749898, z: 0.872504}
  - {x: -11.269831, y: 6.5966887, z: 0.59420896}
  - {x: -12.101922, y: 5.5352793, z: 0.59420896}
  - {x: -11.269831, y: 6.5966887, z: 0.872504}
  - {x: -12.101922, y: 5.5352793, z: 0.872504}
  - {x: -11.398388, y: 6.749898, z: 0.59420896}
  - {x: -10.405888, y: 7.630867, z: 0.59420896}
  - {x: -11.398388, y: 6.749898, z: 0.872504}
  - {x: -10.405888, y: 7.630867, z: 0.872504}
  - {x: -10.305888, y: 7.457662, z: 0.59420896}
  - {x: -11.269831, y: 6.5966887, z: 0.59420896}
  - {x: -10.305888, y: 7.457662, z: 0.872504}
  - {x: -11.269831, y: 6.5966887, z: 0.872504}
  - {x: -10.405888, y: 7.630867, z: 0.59420896}
  - {x: -9.307789, y: 8.279976, z: 0.59420896}
  - {x: -10.405888, y: 7.630867, z: 0.872504}
  - {x: -9.307789, y: 8.279976, z: 0.872504}
  - {x: -9.239386, y: 8.092037, z: 0.59420896}
  - {x: -10.305888, y: 7.457662, z: 0.59420896}
  - {x: -9.239386, y: 8.092037, z: 0.872504}
  - {x: -10.305888, y: 7.457662, z: 0.872504}
  - {x: -9.307789, y: 8.279976, z: 0.59420896}
  - {x: -8.137456, y: 8.677502, z: 0.59420896}
  - {x: -9.307789, y: 8.279976, z: 0.872504}
  - {x: -8.137456, y: 8.677502, z: 0.872504}
  - {x: -8.102727, y: 8.480539, z: 0.59420896}
  - {x: -9.239386, y: 8.092037, z: 0.59420896}
  - {x: -8.102727, y: 8.480539, z: 0.872504}
  - {x: -9.239386, y: 8.092037, z: 0.872504}
  - {x: -8.137456, y: 8.677502, z: 0.59420896}
  - {x: -6.930448, y: 8.811365, z: 0.59420896}
  - {x: -8.137456, y: 8.677502, z: 0.872504}
  - {x: -6.930448, y: 8.811365, z: 0.872504}
  - {x: -6.930448, y: 8.611366, z: 0.59420896}
  - {x: -8.102727, y: 8.480539, z: 0.59420896}
  - {x: -6.930448, y: 8.611366, z: 0.872504}
  - {x: -8.102727, y: 8.480539, z: 0.872504}
  - {x: -6.930448, y: 8.811365, z: 0.59420896}
  - {x: -5.723441, y: 8.677502, z: 0.59420896}
  - {x: -6.930448, y: 8.811365, z: 0.872504}
  - {x: -5.723441, y: 8.677502, z: 0.872504}
  - {x: -5.7581706, y: 8.480539, z: 0.59420896}
  - {x: -6.930448, y: 8.611366, z: 0.59420896}
  - {x: -5.7581706, y: 8.480539, z: 0.872504}
  - {x: -6.930448, y: 8.611366, z: 0.872504}
  - {x: -5.723441, y: 8.677502, z: 0.59420896}
  - {x: -4.553108, y: 8.279976, z: 0.59420896}
  - {x: -5.723441, y: 8.677502, z: 0.872504}
  - {x: -4.553108, y: 8.279976, z: 0.872504}
  - {x: -4.621512, y: 8.092037, z: 0.59420896}
  - {x: -5.7581706, y: 8.480539, z: 0.59420896}
  - {x: -4.621512, y: 8.092037, z: 0.872504}
  - {x: -5.7581706, y: 8.480539, z: 0.872504}
  - {x: -4.553108, y: 8.279976, z: 0.59420896}
  - {x: -3.4550085, y: 7.6308665, z: 0.59420896}
  - {x: -4.553108, y: 8.279976, z: 0.872504}
  - {x: -3.4550085, y: 7.6308665, z: 0.872504}
  - {x: -3.5550084, y: 7.4576616, z: 0.59420896}
  - {x: -4.621512, y: 8.092037, z: 0.59420896}
  - {x: -3.5550084, y: 7.4576616, z: 0.872504}
  - {x: -4.621512, y: 8.092037, z: 0.872504}
  - {x: -3.4550085, y: 7.6308665, z: 0.59420896}
  - {x: -2.4625096, y: 6.749898, z: 0.59420896}
  - {x: -3.4550085, y: 7.6308665, z: 0.872504}
  - {x: -2.4625096, y: 6.749898, z: 0.872504}
  - {x: -2.5910668, y: 6.5966887, z: 0.59420896}
  - {x: -3.5550084, y: 7.4576616, z: 0.59420896}
  - {x: -2.5910668, y: 6.5966887, z: 0.872504}
  - {x: -3.5550084, y: 7.4576616, z: 0.872504}
  - {x: -2.4625096, y: 6.749898, z: 0.59420896}
  - {x: -1.6057663, y: 5.663837, z: 0.59420896}
  - {x: -2.4625096, y: 6.749898, z: 0.872504}
  - {x: -1.6057663, y: 5.663837, z: 0.872504}
  - {x: -1.758975, y: 5.5352798, z: 0.59420896}
  - {x: -2.5910668, y: 6.5966887, z: 0.59420896}
  - {x: -1.758975, y: 5.5352798, z: 0.872504}
  - {x: -2.5910668, y: 6.5966887, z: 0.872504}
  - {x: -1.6057663, y: 5.663837, z: 0.59420896}
  - {x: -0.91081095, y: 4.4056835, z: 0.59420896}
  - {x: -1.6057663, y: 5.663837, z: 0.872504}
  - {x: -0.91081095, y: 4.4056835, z: 0.872504}
  - {x: -1.0840158, y: 4.3056836, z: 0.59420896}
  - {x: -1.758975, y: 5.5352798, z: 0.59420896}
  - {x: -1.0840158, y: 4.3056836, z: 0.872504}
  - {x: -1.758975, y: 5.5352798, z: 0.872504}
  - {x: -0.91081095, y: 4.4056835, z: 0.59420896}
  - {x: -0.3987589, y: 3.0136654, z: 0.59420896}
  - {x: -0.91081095, y: 4.4056835, z: 0.872504}
  - {x: -0.3987589, y: 3.0136654, z: 0.872504}
  - {x: -0.5866971, y: 2.9452615, z: 0.59420896}
  - {x: -1.0840158, y: 4.3056836, z: 0.59420896}
  - {x: -0.5866971, y: 2.9452615, z: 0.872504}
  - {x: -1.0840158, y: 4.3056836, z: 0.872504}
  - {x: -0.3987589, y: 3.0136654, z: 0.59420896}
  - {x: -0.08516884, y: 1.5300789, z: 0.59420896}
  - {x: -0.3987589, y: 3.0136654, z: 0.872504}
  - {x: -0.08516884, y: 1.5300789, z: 0.872504}
  - {x: -0.28213024, y: 1.4953494, z: 0.59420896}
  - {x: -0.5866971, y: 2.9452615, z: 0.59420896}
  - {x: -0.28213024, y: 1.4953494, z: 0.872504}
  - {x: -0.5866971, y: 2.9452615, z: 0.872504}
  - {x: -0.08516884, y: 1.5300789, z: 0.59420896}
  - {x: 0.020430565, y: -0.00000047683716, z: 0.59420896}
  - {x: -0.08516884, y: 1.5300789, z: 0.872504}
  - {x: 0.020430565, y: -0.00000047683716, z: 0.872504}
  - {x: -0.17956924, y: -0.00000047683716, z: 0.59420896}
  - {x: -0.28213024, y: 1.4953494, z: 0.59420896}
  - {x: -0.17956924, y: -0.00000047683716, z: 0.872504}
  - {x: -0.28213024, y: 1.4953494, z: 0.872504}
  - {x: -0.17956924, y: -0.00000047683716, z: 0.872504}
  - {x: 0.020430565, y: -0.00000047683716, z: 0.872504}
  - {x: -0.17956924, y: -0.00000047683716, z: 0.59420896}
  - {x: 0.020430565, y: -0.00000047683716, z: 0.59420896}
  - {x: -13.881328, y: 0.00000047683716, z: 0.872504}
  - {x: -13.775728, y: 1.5300779, z: 0.872504}
  - {x: -13.681328, y: 0.00000047683716, z: 0.872504}
  - {x: -13.578767, y: 1.4953485, z: 0.872504}
  - {x: -13.775728, y: 1.5300779, z: 0.59420896}
  - {x: -13.881328, y: 0.00000047683716, z: 0.59420896}
  - {x: -13.578767, y: 1.4953485, z: 0.59420896}
  - {x: -13.681328, y: 0.00000047683716, z: 0.59420896}
  - {x: -13.775728, y: 1.5300779, z: 0.872504}
  - {x: -13.462138, y: 3.0136647, z: 0.872504}
  - {x: -13.578767, y: 1.4953485, z: 0.872504}
  - {x: -13.2742, y: 2.9452608, z: 0.872504}
  - {x: -13.462138, y: 3.0136647, z: 0.59420896}
  - {x: -13.775728, y: 1.5300779, z: 0.59420896}
  - {x: -13.2742, y: 2.9452608, z: 0.59420896}
  - {x: -13.578767, y: 1.4953485, z: 0.59420896}
  - {x: -13.462138, y: 3.0136647, z: 0.872504}
  - {x: -12.950087, y: 4.405683, z: 0.872504}
  - {x: -13.2742, y: 2.9452608, z: 0.872504}
  - {x: -12.776881, y: 4.305683, z: 0.872504}
  - {x: -12.950087, y: 4.405683, z: 0.59420896}
  - {x: -13.462138, y: 3.0136647, z: 0.59420896}
  - {x: -12.776881, y: 4.305683, z: 0.59420896}
  - {x: -13.2742, y: 2.9452608, z: 0.59420896}
  - {x: -12.950087, y: 4.405683, z: 0.872504}
  - {x: -12.255131, y: 5.6638365, z: 0.872504}
  - {x: -12.776881, y: 4.305683, z: 0.872504}
  - {x: -12.101922, y: 5.5352793, z: 0.872504}
  - {x: -12.255131, y: 5.6638365, z: 0.59420896}
  - {x: -12.950087, y: 4.405683, z: 0.59420896}
  - {x: -12.101922, y: 5.5352793, z: 0.59420896}
  - {x: -12.776881, y: 4.305683, z: 0.59420896}
  - {x: -12.255131, y: 5.6638365, z: 0.872504}
  - {x: -11.398388, y: 6.749898, z: 0.872504}
  - {x: -12.101922, y: 5.5352793, z: 0.872504}
  - {x: -11.269831, y: 6.5966887, z: 0.872504}
  - {x: -11.398388, y: 6.749898, z: 0.59420896}
  - {x: -12.255131, y: 5.6638365, z: 0.59420896}
  - {x: -11.269831, y: 6.5966887, z: 0.59420896}
  - {x: -12.101922, y: 5.5352793, z: 0.59420896}
  - {x: -11.398388, y: 6.749898, z: 0.872504}
  - {x: -10.405888, y: 7.630867, z: 0.872504}
  - {x: -11.269831, y: 6.5966887, z: 0.872504}
  - {x: -10.305888, y: 7.457662, z: 0.872504}
  - {x: -10.405888, y: 7.630867, z: 0.59420896}
  - {x: -11.398388, y: 6.749898, z: 0.59420896}
  - {x: -10.305888, y: 7.457662, z: 0.59420896}
  - {x: -11.269831, y: 6.5966887, z: 0.59420896}
  - {x: -10.405888, y: 7.630867, z: 0.872504}
  - {x: -9.307789, y: 8.279976, z: 0.872504}
  - {x: -10.305888, y: 7.457662, z: 0.872504}
  - {x: -9.239386, y: 8.092037, z: 0.872504}
  - {x: -9.307789, y: 8.279976, z: 0.59420896}
  - {x: -10.405888, y: 7.630867, z: 0.59420896}
  - {x: -9.239386, y: 8.092037, z: 0.59420896}
  - {x: -10.305888, y: 7.457662, z: 0.59420896}
  - {x: -9.307789, y: 8.279976, z: 0.872504}
  - {x: -8.137456, y: 8.677502, z: 0.872504}
  - {x: -9.239386, y: 8.092037, z: 0.872504}
  - {x: -8.102727, y: 8.480539, z: 0.872504}
  - {x: -8.137456, y: 8.677502, z: 0.59420896}
  - {x: -9.307789, y: 8.279976, z: 0.59420896}
  - {x: -8.102727, y: 8.480539, z: 0.59420896}
  - {x: -9.239386, y: 8.092037, z: 0.59420896}
  - {x: -8.137456, y: 8.677502, z: 0.872504}
  - {x: -6.930448, y: 8.811365, z: 0.872504}
  - {x: -8.102727, y: 8.480539, z: 0.872504}
  - {x: -6.930448, y: 8.611366, z: 0.872504}
  - {x: -6.930448, y: 8.811365, z: 0.59420896}
  - {x: -8.137456, y: 8.677502, z: 0.59420896}
  - {x: -6.930448, y: 8.611366, z: 0.59420896}
  - {x: -8.102727, y: 8.480539, z: 0.59420896}
  - {x: -6.930448, y: 8.811365, z: 0.872504}
  - {x: -5.723441, y: 8.677502, z: 0.872504}
  - {x: -6.930448, y: 8.611366, z: 0.872504}
  - {x: -5.7581706, y: 8.480539, z: 0.872504}
  - {x: -5.723441, y: 8.677502, z: 0.59420896}
  - {x: -6.930448, y: 8.811365, z: 0.59420896}
  - {x: -5.7581706, y: 8.480539, z: 0.59420896}
  - {x: -6.930448, y: 8.611366, z: 0.59420896}
  - {x: -5.723441, y: 8.677502, z: 0.872504}
  - {x: -4.553108, y: 8.279976, z: 0.872504}
  - {x: -5.7581706, y: 8.480539, z: 0.872504}
  - {x: -4.621512, y: 8.092037, z: 0.872504}
  - {x: -4.553108, y: 8.279976, z: 0.59420896}
  - {x: -5.723441, y: 8.677502, z: 0.59420896}
  - {x: -4.621512, y: 8.092037, z: 0.59420896}
  - {x: -5.7581706, y: 8.480539, z: 0.59420896}
  - {x: -4.553108, y: 8.279976, z: 0.872504}
  - {x: -3.4550085, y: 7.6308665, z: 0.872504}
  - {x: -4.621512, y: 8.092037, z: 0.872504}
  - {x: -3.5550084, y: 7.4576616, z: 0.872504}
  - {x: -3.4550085, y: 7.6308665, z: 0.59420896}
  - {x: -4.553108, y: 8.279976, z: 0.59420896}
  - {x: -3.5550084, y: 7.4576616, z: 0.59420896}
  - {x: -4.621512, y: 8.092037, z: 0.59420896}
  - {x: -3.4550085, y: 7.6308665, z: 0.872504}
  - {x: -2.4625096, y: 6.749898, z: 0.872504}
  - {x: -3.5550084, y: 7.4576616, z: 0.872504}
  - {x: -2.5910668, y: 6.5966887, z: 0.872504}
  - {x: -2.4625096, y: 6.749898, z: 0.59420896}
  - {x: -3.4550085, y: 7.6308665, z: 0.59420896}
  - {x: -2.5910668, y: 6.5966887, z: 0.59420896}
  - {x: -3.5550084, y: 7.4576616, z: 0.59420896}
  - {x: -2.4625096, y: 6.749898, z: 0.872504}
  - {x: -1.6057663, y: 5.663837, z: 0.872504}
  - {x: -2.5910668, y: 6.5966887, z: 0.872504}
  - {x: -1.758975, y: 5.5352798, z: 0.872504}
  - {x: -1.6057663, y: 5.663837, z: 0.59420896}
  - {x: -2.4625096, y: 6.749898, z: 0.59420896}
  - {x: -1.758975, y: 5.5352798, z: 0.59420896}
  - {x: -2.5910668, y: 6.5966887, z: 0.59420896}
  - {x: -1.6057663, y: 5.663837, z: 0.872504}
  - {x: -0.91081095, y: 4.4056835, z: 0.872504}
  - {x: -1.758975, y: 5.5352798, z: 0.872504}
  - {x: -1.0840158, y: 4.3056836, z: 0.872504}
  - {x: -0.91081095, y: 4.4056835, z: 0.59420896}
  - {x: -1.6057663, y: 5.663837, z: 0.59420896}
  - {x: -1.0840158, y: 4.3056836, z: 0.59420896}
  - {x: -1.758975, y: 5.5352798, z: 0.59420896}
  - {x: -0.91081095, y: 4.4056835, z: 0.872504}
  - {x: -0.3987589, y: 3.0136654, z: 0.872504}
  - {x: -1.0840158, y: 4.3056836, z: 0.872504}
  - {x: -0.5866971, y: 2.9452615, z: 0.872504}
  - {x: -0.3987589, y: 3.0136654, z: 0.59420896}
  - {x: -0.91081095, y: 4.4056835, z: 0.59420896}
  - {x: -0.5866971, y: 2.9452615, z: 0.59420896}
  - {x: -1.0840158, y: 4.3056836, z: 0.59420896}
  - {x: -0.3987589, y: 3.0136654, z: 0.872504}
  - {x: -0.08516884, y: 1.5300789, z: 0.872504}
  - {x: -0.5866971, y: 2.9452615, z: 0.872504}
  - {x: -0.28213024, y: 1.4953494, z: 0.872504}
  - {x: -0.08516884, y: 1.5300789, z: 0.59420896}
  - {x: -0.3987589, y: 3.0136654, z: 0.59420896}
  - {x: -0.28213024, y: 1.4953494, z: 0.59420896}
  - {x: -0.5866971, y: 2.9452615, z: 0.59420896}
  - {x: -0.08516884, y: 1.5300789, z: 0.872504}
  - {x: 0.020430565, y: -0.00000047683716, z: 0.872504}
  - {x: -0.28213024, y: 1.4953494, z: 0.872504}
  - {x: -0.17956924, y: -0.00000047683716, z: 0.872504}
  - {x: 0.020430565, y: -0.00000047683716, z: 0.59420896}
  - {x: -0.08516884, y: 1.5300789, z: 0.59420896}
  - {x: -0.17956924, y: -0.00000047683716, z: 0.59420896}
  - {x: -0.28213024, y: 1.4953494, z: 0.59420896}
  m_Textures0:
  - {x: 13.881328, y: 0.872504}
  - {x: 13.681328, y: 0.872504}
  - {x: 13.881328, y: 0.59420896}
  - {x: 13.681328, y: 0.59420896}
  - {x: -0.59420896, y: -0.95575595}
  - {x: -0.59420896, y: 0.5779612}
  - {x: -0.872504, y: -0.95575595}
  - {x: -0.872504, y: 0.5779612}
  - {x: 0.59420896, y: 0.56270355}
  - {x: 0.59420896, y: -0.9361575}
  - {x: 0.872504, y: 0.56270355}
  - {x: 0.872504, y: -0.9361575}
  - {x: -0.59420896, y: -1.3518682}
  - {x: -0.59420896, y: 0.1644988}
  - {x: -0.872504, y: -1.3518682}
  - {x: -0.872504, y: 0.1644988}
  - {x: 0.59420896, y: 0.15355119}
  - {x: 0.59420896, y: -1.3280042}
  - {x: 0.872504, y: 0.15355119}
  - {x: 0.872504, y: -1.3280042}
  - {x: -0.59420896, y: -1.8191844}
  - {x: -0.59420896, y: -0.33597454}
  - {x: -0.872504, y: -1.8191844}
  - {x: -0.872504, y: -0.33597454}
  - {x: 0.59420896, y: -0.3428723}
  - {x: 0.59420896, y: -1.7913457}
  - {x: 0.872504, y: -0.3428723}
  - {x: 0.872504, y: -1.7913457}
  - {x: -0.59420896, y: -2.4049559}
  - {x: -0.59420896, y: -0.9676272}
  - {x: -0.872504, y: -2.4049559}
  - {x: -0.872504, y: -0.9676272}
  - {x: 0.59420896, y: -0.9711108}
  - {x: 0.59420896, y: -2.3737786}
  - {x: 0.872504, y: -0.9711108}
  - {x: 0.872504, y: -2.3737786}
  - {x: -0.59420896, y: -3.1433527}
  - {x: -0.59420896, y: -1.7600459}
  - {x: -0.872504, y: -3.1433527}
  - {x: -0.872504, y: -1.7600459}
  - {x: 0.59420896, y: -1.7615162}
  - {x: 0.59420896, y: -3.1102066}
  - {x: 0.872504, y: -1.7615162}
  - {x: 0.872504, y: -3.1102066}
  - {x: -4.0437794, y: 0.59420896}
  - {x: -2.716691, y: 0.59420896}
  - {x: -4.0437794, y: 0.872504}
  - {x: -2.716691, y: 0.872504}
  - {x: 2.718403, y: 0.59420896}
  - {x: 4.010866, y: 0.59420896}
  - {x: 2.718403, y: 0.872504}
  - {x: 4.010866, y: 0.872504}
  - {x: -5.0747986, y: 0.59420896}
  - {x: -3.7991953, y: 0.59420896}
  - {x: -5.0747986, y: 0.872504}
  - {x: -3.7991953, y: 0.872504}
  - {x: 3.8040137, y: 0.59420896}
  - {x: 5.0449243, y: 0.59420896}
  - {x: 3.8040137, y: 0.872504}
  - {x: 5.0449243, y: 0.872504}
  - {x: -6.150229, y: 0.59420896}
  - {x: -4.914225, y: 0.59420896}
  - {x: -6.150229, y: 0.872504}
  - {x: -4.914225, y: 0.872504}
  - {x: 4.9244375, y: 0.59420896}
  - {x: 6.1256566, y: 0.59420896}
  - {x: 4.9244375, y: 0.872504}
  - {x: 6.1256566, y: 0.872504}
  - {x: -7.1313524, y: 0.59420896}
  - {x: -5.916944, y: 0.59420896}
  - {x: -7.1313524, y: 0.872504}
  - {x: -5.916944, y: 0.872504}
  - {x: 5.9325852, y: 0.59420896}
  - {x: 7.1121416, y: 0.59420896}
  - {x: 5.9325852, y: 0.872504}
  - {x: 7.1121416, y: 0.872504}
  - {x: -7.859487, y: 0.59420896}
  - {x: -6.6450796, y: 0.59420896}
  - {x: -7.859487, y: 0.872504}
  - {x: -6.6450796, y: 0.872504}
  - {x: 6.663239, y: 0.59420896}
  - {x: 7.842794, y: 0.59420896}
  - {x: 6.663239, y: 0.872504}
  - {x: 7.842794, y: 0.872504}
  - {x: -8.210218, y: 0.59420896}
  - {x: -6.974214, y: 0.59420896}
  - {x: -8.210218, y: 0.872504}
  - {x: -6.974214, y: 0.872504}
  - {x: 6.990279, y: 0.59420896}
  - {x: 8.191498, y: 0.59420896}
  - {x: 6.990279, y: 0.872504}
  - {x: 8.191498, y: 0.872504}
  - {x: -8.132913, y: 0.59420896}
  - {x: -6.8573084, y: 0.59420896}
  - {x: -8.132913, y: 0.872504}
  - {x: -6.8573084, y: 0.872504}
  - {x: 6.867843, y: 0.59420896}
  - {x: 8.108755, y: 0.59420896}
  - {x: 6.867843, y: 0.872504}
  - {x: 8.108755, y: 0.872504}
  - {x: -7.649571, y: 0.59420896}
  - {x: -6.322484, y: 0.59420896}
  - {x: -7.649571, y: 0.872504}
  - {x: -6.322484, y: 0.872504}
  - {x: 6.326846, y: 0.59420896}
  - {x: 7.619308, y: 0.59420896}
  - {x: 6.326846, y: 0.872504}
  - {x: 7.619308, y: 0.872504}
  - {x: 0.59420896, y: 6.8246174}
  - {x: 0.59420896, y: 5.441311}
  - {x: 0.872504, y: 6.8246174}
  - {x: 0.872504, y: 5.441311}
  - {x: -0.59420896, y: 5.4414444}
  - {x: -0.59420896, y: 6.790135}
  - {x: -0.872504, y: 5.4414444}
  - {x: -0.872504, y: 6.790135}
  - {x: 0.59420896, y: 5.734188}
  - {x: 0.59420896, y: 4.2968597}
  - {x: 0.872504, y: 5.734188}
  - {x: 0.872504, y: 4.2968597}
  - {x: -0.59420896, y: 4.2960415}
  - {x: -0.59420896, y: 5.698709}
  - {x: -0.872504, y: 4.2960415}
  - {x: -0.872504, y: 5.698709}
  - {x: 0.59420896, y: 4.4492517}
  - {x: 0.59420896, y: 2.9660416}
  - {x: 0.872504, y: 4.4492517}
  - {x: 0.872504, y: 2.9660416}
  - {x: -0.59420896, y: 2.9676592}
  - {x: -0.59420896, y: 4.4161325}
  - {x: -0.872504, y: 2.9676592}
  - {x: -0.872504, y: 4.4161325}
  - {x: 0.59420896, y: 3.0309823}
  - {x: 0.59420896, y: 1.5146155}
  - {x: 0.872504, y: 3.0309823}
  - {x: 0.872504, y: 1.5146155}
  - {x: -0.59420896, y: 1.5214099}
  - {x: -0.59420896, y: 3.0029652}
  - {x: -0.872504, y: 1.5214099}
  - {x: -0.872504, y: 3.0029652}
  - {x: 0.59420896, y: 1.5323119}
  - {x: 0.59420896, y: -0.0014071581}
  - {x: 0.872504, y: 1.5323119}
  - {x: 0.872504, y: -0.0014071581}
  - {x: -0.59420896, y: 0.012286708}
  - {x: -0.59420896, y: 1.5111496}
  - {x: -0.872504, y: 0.012286708}
  - {x: -0.872504, y: 1.5111496}
  - {x: 0.17956924, y: 0.872504}
  - {x: -0.020430565, y: 0.872504}
  - {x: 0.17956924, y: 0.59420896}
  - {x: -0.020430565, y: 0.59420896}
  - {x: 13.881328, y: 0.00000047683716}
  - {x: 13.775728, y: 1.5300779}
  - {x: 13.681328, y: 0.00000047683716}
  - {x: 13.578767, y: 1.4953485}
  - {x: -13.775728, y: 1.5300779}
  - {x: -13.881328, y: 0.00000047683716}
  - {x: -13.578767, y: 1.4953485}
  - {x: -13.681328, y: 0.00000047683716}
  - {x: 13.775728, y: 1.5300779}
  - {x: 13.462138, y: 3.0136647}
  - {x: 13.578767, y: 1.4953485}
  - {x: 13.2742, y: 2.9452608}
  - {x: -13.462138, y: 3.0136647}
  - {x: -13.775728, y: 1.5300779}
  - {x: -13.2742, y: 2.9452608}
  - {x: -13.578767, y: 1.4953485}
  - {x: 13.462138, y: 3.0136647}
  - {x: 12.950087, y: 4.405683}
  - {x: 13.2742, y: 2.9452608}
  - {x: 12.776881, y: 4.305683}
  - {x: -12.950087, y: 4.405683}
  - {x: -13.462138, y: 3.0136647}
  - {x: -12.776881, y: 4.305683}
  - {x: -13.2742, y: 2.9452608}
  - {x: 12.950087, y: 4.405683}
  - {x: 12.255131, y: 5.6638365}
  - {x: 12.776881, y: 4.305683}
  - {x: 12.101922, y: 5.5352793}
  - {x: -12.255131, y: 5.6638365}
  - {x: -12.950087, y: 4.405683}
  - {x: -12.101922, y: 5.5352793}
  - {x: -12.776881, y: 4.305683}
  - {x: 12.255131, y: 5.6638365}
  - {x: 11.398388, y: 6.749898}
  - {x: 12.101922, y: 5.5352793}
  - {x: 11.269831, y: 6.5966887}
  - {x: -11.398388, y: 6.749898}
  - {x: -12.255131, y: 5.6638365}
  - {x: -11.269831, y: 6.5966887}
  - {x: -12.101922, y: 5.5352793}
  - {x: 11.398388, y: 6.749898}
  - {x: 10.405888, y: 7.630867}
  - {x: 11.269831, y: 6.5966887}
  - {x: 10.305888, y: 7.457662}
  - {x: -10.405888, y: 7.630867}
  - {x: -11.398388, y: 6.749898}
  - {x: -10.305888, y: 7.457662}
  - {x: -11.269831, y: 6.5966887}
  - {x: 10.405888, y: 7.630867}
  - {x: 9.307789, y: 8.279976}
  - {x: 10.305888, y: 7.457662}
  - {x: 9.239386, y: 8.092037}
  - {x: -9.307789, y: 8.279976}
  - {x: -10.405888, y: 7.630867}
  - {x: -9.239386, y: 8.092037}
  - {x: -10.305888, y: 7.457662}
  - {x: 9.307789, y: 8.279976}
  - {x: 8.137456, y: 8.677502}
  - {x: 9.239386, y: 8.092037}
  - {x: 8.102727, y: 8.480539}
  - {x: -8.137456, y: 8.677502}
  - {x: -9.307789, y: 8.279976}
  - {x: -8.102727, y: 8.480539}
  - {x: -9.239386, y: 8.092037}
  - {x: 8.137456, y: 8.677502}
  - {x: 6.930448, y: 8.811365}
  - {x: 8.102727, y: 8.480539}
  - {x: 6.930448, y: 8.611366}
  - {x: -6.930448, y: 8.811365}
  - {x: -8.137456, y: 8.677502}
  - {x: -6.930448, y: 8.611366}
  - {x: -8.102727, y: 8.480539}
  - {x: 6.930448, y: 8.811365}
  - {x: 5.723441, y: 8.677502}
  - {x: 6.930448, y: 8.611366}
  - {x: 5.7581706, y: 8.480539}
  - {x: -5.723441, y: 8.677502}
  - {x: -6.930448, y: 8.811365}
  - {x: -5.7581706, y: 8.480539}
  - {x: -6.930448, y: 8.611366}
  - {x: 5.723441, y: 8.677502}
  - {x: 4.553108, y: 8.279976}
  - {x: 5.7581706, y: 8.480539}
  - {x: 4.621512, y: 8.092037}
  - {x: -4.553108, y: 8.279976}
  - {x: -5.723441, y: 8.677502}
  - {x: -4.621512, y: 8.092037}
  - {x: -5.7581706, y: 8.480539}
  - {x: 4.553108, y: 8.279976}
  - {x: 3.4550085, y: 7.6308665}
  - {x: 4.621512, y: 8.092037}
  - {x: 3.5550084, y: 7.4576616}
  - {x: -3.4550085, y: 7.6308665}
  - {x: -4.553108, y: 8.279976}
  - {x: -3.5550084, y: 7.4576616}
  - {x: -4.621512, y: 8.092037}
  - {x: 3.4550085, y: 7.6308665}
  - {x: 2.4625096, y: 6.749898}
  - {x: 3.5550084, y: 7.4576616}
  - {x: 2.5910668, y: 6.5966887}
  - {x: -2.4625096, y: 6.749898}
  - {x: -3.4550085, y: 7.6308665}
  - {x: -2.5910668, y: 6.5966887}
  - {x: -3.5550084, y: 7.4576616}
  - {x: 2.4625096, y: 6.749898}
  - {x: 1.6057663, y: 5.663837}
  - {x: 2.5910668, y: 6.5966887}
  - {x: 1.758975, y: 5.5352798}
  - {x: -1.6057663, y: 5.663837}
  - {x: -2.4625096, y: 6.749898}
  - {x: -1.758975, y: 5.5352798}
  - {x: -2.5910668, y: 6.5966887}
  - {x: 1.6057663, y: 5.663837}
  - {x: 0.91081095, y: 4.4056835}
  - {x: 1.758975, y: 5.5352798}
  - {x: 1.0840158, y: 4.3056836}
  - {x: -0.91081095, y: 4.4056835}
  - {x: -1.6057663, y: 5.663837}
  - {x: -1.0840158, y: 4.3056836}
  - {x: -1.758975, y: 5.5352798}
  - {x: 0.91081095, y: 4.4056835}
  - {x: 0.3987589, y: 3.0136654}
  - {x: 1.0840158, y: 4.3056836}
  - {x: 0.5866971, y: 2.9452615}
  - {x: -0.3987589, y: 3.0136654}
  - {x: -0.91081095, y: 4.4056835}
  - {x: -0.5866971, y: 2.9452615}
  - {x: -1.0840158, y: 4.3056836}
  - {x: 0.3987589, y: 3.0136654}
  - {x: 0.08516884, y: 1.5300789}
  - {x: 0.5866971, y: 2.9452615}
  - {x: 0.28213024, y: 1.4953494}
  - {x: -0.08516884, y: 1.5300789}
  - {x: -0.3987589, y: 3.0136654}
  - {x: -0.28213024, y: 1.4953494}
  - {x: -0.5866971, y: 2.9452615}
  - {x: 0.08516884, y: 1.5300789}
  - {x: -0.020430565, y: -0.00000047683716}
  - {x: 0.28213024, y: 1.4953494}
  - {x: 0.17956924, y: -0.00000047683716}
  - {x: 0.020430565, y: -0.00000047683716}
  - {x: -0.08516884, y: 1.5300789}
  - {x: -0.17956924, y: -0.00000047683716}
  - {x: -0.28213024, y: 1.4953494}
  m_Textures2: []
  m_Textures3: []
  m_Tangents:
  - {x: -1, y: 0, z: 0, w: -1}
  - {x: -1, y: 0, z: 0, w: -1}
  - {x: -1, y: 0, z: 0, w: -1}
  - {x: -1, y: 0, z: 0, w: -1}
  - {x: 0, y: 0, z: -1, w: -1}
  - {x: 0, y: 0, z: -1, w: -1}
  - {x: 0, y: 0, z: -1, w: -1}
  - {x: 0, y: 0, z: -1, w: -1}
  - {x: 0, y: 0, z: 1, w: -1}
  - {x: 0, y: 0, z: 1, w: -1}
  - {x: 0, y: 0, z: 1, w: -1}
  - {x: 0, y: 0, z: 1, w: -1}
  - {x: 0, y: 0, z: -1, w: -1}
  - {x: 0, y: 0, z: -1, w: -1}
  - {x: 0, y: 0, z: -1, w: -1}
  - {x: 0, y: 0, z: -1, w: -1}
  - {x: 0, y: 0, z: 1, w: -1}
  - {x: 0, y: 0, z: 1, w: -1}
  - {x: 0, y: 0, z: 1, w: -1}
  - {x: 0, y: 0, z: 1, w: -1}
  - {x: 0, y: 0, z: -1, w: -1}
  - {x: 0, y: 0, z: -1, w: -1}
  - {x: 0, y: 0, z: -1, w: -1}
  - {x: 0, y: 0, z: -1, w: -1}
  - {x: 0, y: 0, z: 1, w: -1}
  - {x: 0, y: 0, z: 1, w: -1}
  - {x: 0, y: 0, z: 1, w: -1}
  - {x: 0, y: 0, z: 1, w: -1}
  - {x: 0, y: 0, z: -1, w: -1}
  - {x: 0, y: 0, z: -1, w: -1}
  - {x: 0, y: 0, z: -1, w: -1}
  - {x: 0, y: 0, z: -1, w: -1}
  - {x: 0, y: 0, z: 1, w: -1}
  - {x: 0, y: 0, z: 1, w: -1}
  - {x: 0, y: 0, z: 1, w: -1}
  - {x: 0, y: 0, z: 1, w: -1}
  - {x: 0, y: 0, z: -1, w: -1}
  - {x: 0, y: 0, z: -1, w: -1}
  - {x: 0, y: 0, z: -1, w: -1}
  - {x: 0, y: 0, z: -1, w: -1}
  - {x: 0, y: 0, z: 1, w: -1}
  - {x: 0, y: 0, z: 1, w: -1}
  - {x: 0, y: 0, z: 1, w: -1}
  - {x: 0, y: 0, z: 1, w: -1}
  - {x: 0.68629545, y: 0.7273228, z: 0, w: -1}
  - {x: 0.80808604, y: 0.5890645, z: 0, w: -1}
  - {x: 0.68629545, y: 0.7273228, z: 0, w: -1}
  - {x: 0.80808604, y: 0.5890645, z: 0, w: -1}
  - {x: -0.8063645, y: -0.5914189, z: 0, w: -1}
  - {x: -0.6840641, y: -0.7294219, z: 0, w: -1}
  - {x: -0.8063645, y: -0.5914189, z: 0, w: -1}
  - {x: -0.6840641, y: -0.7294219, z: 0, w: -1}
  - {x: 0.80808604, y: 0.58906454, z: 0, w: -1}
  - {x: 0.9086932, y: 0.4174646, z: 0, w: -1}
  - {x: 0.80808604, y: 0.58906454, z: 0, w: -1}
  - {x: 0.9086932, y: 0.4174646, z: 0, w: -1}
  - {x: -0.9077225, y: -0.41957107, z: 0, w: -1}
  - {x: -0.8063645, y: -0.59141886, z: 0, w: -1}
  - {x: -0.9077225, y: -0.41957107, z: 0, w: -1}
  - {x: -0.8063645, y: -0.59141886, z: 0, w: -1}
  - {x: 0.9086932, y: 0.41746467, z: 0, w: -1}
  - {x: 0.97612655, y: 0.21720266, z: 0, w: -1}
  - {x: 0.9086932, y: 0.41746467, z: 0, w: -1}
  - {x: 0.97612655, y: 0.21720266, z: 0, w: -1}
  - {x: -0.97584444, y: -0.2184666, z: 0, w: -1}
  - {x: -0.9077225, y: -0.4195711, z: 0, w: -1}
  - {x: -0.97584444, y: -0.2184666, z: 0, w: -1}
  - {x: -0.9077225, y: -0.4195711, z: 0, w: -1}
  - {x: 0.97612655, y: 0.21720266, z: 0, w: -1}
  - {x: 1, y: -0.00000004497757, z: 0, w: -1}
  - {x: 0.97612655, y: 0.21720266, z: 0, w: -1}
  - {x: 1, y: -0.00000004497757, z: 0, w: -1}
  - {x: -1, y: 0.00000007496834, z: 0, w: -1}
  - {x: -0.97584444, y: -0.2184666, z: 0, w: -1}
  - {x: -1, y: 0.00000007496834, z: 0, w: -1}
  - {x: -0.97584444, y: -0.2184666, z: 0, w: -1}
  - {x: 1, y: -0.000000044977572, z: 0, w: -1}
  - {x: 0.97612655, y: -0.21720271, z: 0, w: -1}
  - {x: 1, y: -0.000000044977572, z: 0, w: -1}
  - {x: 0.97612655, y: -0.21720271, z: 0, w: -1}
  - {x: -0.9758444, y: 0.21846665, z: 0, w: -1}
  - {x: -1, y: 0.00000006747151, z: 0, w: -1}
  - {x: -0.9758444, y: 0.21846665, z: 0, w: -1}
  - {x: -1, y: 0.00000006747151, z: 0, w: -1}
  - {x: 0.97612655, y: -0.21720266, z: 0, w: -1}
  - {x: 0.9086932, y: -0.41746464, z: 0, w: -1}
  - {x: 0.97612655, y: -0.21720266, z: 0, w: -1}
  - {x: 0.9086932, y: -0.41746464, z: 0, w: -1}
  - {x: -0.9077225, y: 0.41957107, z: 0, w: -1}
  - {x: -0.9758444, y: 0.21846665, z: 0, w: -1}
  - {x: -0.9077225, y: 0.41957107, z: 0, w: -1}
  - {x: -0.9758444, y: 0.21846665, z: 0, w: -1}
  - {x: 0.9086932, y: -0.4174646, z: 0, w: -1}
  - {x: 0.808086, y: -0.5890646, z: 0, w: -1}
  - {x: 0.9086932, y: -0.4174646, z: 0, w: -1}
  - {x: 0.808086, y: -0.5890646, z: 0, w: -1}
  - {x: -0.8063645, y: 0.5914189, z: 0, w: -1}
  - {x: -0.9077225, y: 0.41957107, z: 0, w: -1}
  - {x: -0.8063645, y: 0.5914189, z: 0, w: -1}
  - {x: -0.9077225, y: 0.41957107, z: 0, w: -1}
  - {x: 0.8080859, y: -0.58906466, z: 0, w: -1}
  - {x: 0.68629557, y: -0.72732276, z: 0, w: -1}
  - {x: 0.8080859, y: -0.58906466, z: 0, w: -1}
  - {x: 0.68629557, y: -0.72732276, z: 0, w: -1}
  - {x: -0.68406415, y: 0.72942185, z: 0, w: -1}
  - {x: -0.8063644, y: 0.5914189, z: 0, w: -1}
  - {x: -0.68406415, y: 0.72942185, z: 0, w: -1}
  - {x: -0.8063644, y: 0.5914189, z: 0, w: -1}
  - {x: 0, y: 0, z: 1, w: -1}
  - {x: 0, y: 0, z: 1, w: -1}
  - {x: 0, y: 0, z: 1, w: -1}
  - {x: 0, y: 0, z: 1, w: -1}
  - {x: 0, y: 0, z: -1, w: -1}
  - {x: 0, y: 0, z: -1, w: -1}
  - {x: 0, y: 0, z: -1, w: -1}
  - {x: 0, y: 0, z: -1, w: -1}
  - {x: 0, y: 0, z: 1, w: -1}
  - {x: 0, y: 0, z: 1, w: -1}
  - {x: 0, y: 0, z: 1, w: -1}
  - {x: 0, y: 0, z: 1, w: -1}
  - {x: 0, y: 0, z: -1, w: -1}
  - {x: 0, y: 0, z: -1, w: -1}
  - {x: 0, y: 0, z: -1, w: -1}
  - {x: 0, y: 0, z: -1, w: -1}
  - {x: 0, y: 0, z: 1, w: -1}
  - {x: 0, y: 0, z: 1, w: -1}
  - {x: 0, y: 0, z: 1, w: -1}
  - {x: 0, y: 0, z: 1, w: -1}
  - {x: 0, y: 0, z: -1, w: -1}
  - {x: 0, y: 0, z: -1, w: -1}
  - {x: 0, y: 0, z: -1, w: -1}
  - {x: 0, y: 0, z: -1, w: -1}
  - {x: 0, y: 0, z: 1, w: -1}
  - {x: 0, y: 0, z: 1, w: -1}
  - {x: 0, y: 0, z: 1, w: -1}
  - {x: 0, y: 0, z: 1, w: -1}
  - {x: 0, y: 0, z: -1, w: -1}
  - {x: 0, y: 0, z: -1, w: -1}
  - {x: 0, y: 0, z: -1, w: -1}
  - {x: 0, y: 0, z: -1, w: -1}
  - {x: 0, y: 0, z: 1, w: -1}
  - {x: 0, y: 0, z: 1, w: -1}
  - {x: 0, y: 0, z: 1, w: -1}
  - {x: 0, y: 0, z: 1, w: -1}
  - {x: 0, y: 0, z: -1, w: -1}
  - {x: 0, y: 0, z: -1, w: -1}
  - {x: 0, y: 0, z: -1, w: -1}
  - {x: 0, y: 0, z: -1, w: -1}
  - {x: -1, y: 0, z: 0, w: -1}
  - {x: -1, y: 0, z: 0, w: -1}
  - {x: -1, y: 0, z: 0, w: -1}
  - {x: -1, y: 0, z: 0, w: -1}
  - {x: -1, y: 0, z: 0, w: -1}
  - {x: -1, y: 0, z: 0, w: -1}
  - {x: -1, y: 0, z: 0, w: -1}
  - {x: -1, y: 0, z: 0, w: -1}
  - {x: 1, y: 0, z: 0, w: -1}
  - {x: 1, y: 0, z: 0, w: -1}
  - {x: 1, y: 0, z: 0, w: -1}
  - {x: 1, y: 0, z: 0, w: -1}
  - {x: -1, y: 0, z: 0, w: -1}
  - {x: -1, y: 0, z: 0, w: -1}
  - {x: -1, y: 0, z: 0, w: -1}
  - {x: -1, y: 0, z: 0, w: -1}
  - {x: 1, y: 0, z: 0, w: -1}
  - {x: 1, y: 0, z: 0, w: -1}
  - {x: 1, y: 0, z: 0, w: -1}
  - {x: 1, y: 0, z: 0, w: -1}
  - {x: -1, y: 0, z: 0, w: -1}
  - {x: -1, y: 0, z: 0, w: -1}
  - {x: -1, y: 0, z: 0, w: -1}
  - {x: -1, y: 0, z: 0, w: -1}
  - {x: 1, y: 0, z: 0, w: -1}
  - {x: 1, y: 0, z: 0, w: -1}
  - {x: 1, y: 0, z: 0, w: -1}
  - {x: 1, y: 0, z: 0, w: -1}
  - {x: -1, y: 0, z: 0, w: -1}
  - {x: -1, y: 0, z: 0, w: -1}
  - {x: -1, y: 0, z: 0, w: -1}
  - {x: -1, y: 0, z: 0, w: -1}
  - {x: 1, y: 0, z: 0, w: -1}
  - {x: 1, y: 0, z: 0, w: -1}
  - {x: 1, y: 0, z: 0, w: -1}
  - {x: 1, y: 0, z: 0, w: -1}
  - {x: -1, y: 0, z: 0, w: -1}
  - {x: -1, y: 0, z: 0, w: -1}
  - {x: -1, y: 0, z: 0, w: -1}
  - {x: -1, y: 0, z: 0, w: -1}
  - {x: 1, y: 0, z: 0, w: -1}
  - {x: 1, y: 0, z: 0, w: -1}
  - {x: 1, y: 0, z: 0, w: -1}
  - {x: 1, y: 0, z: 0, w: -1}
  - {x: -1, y: 0, z: 0, w: -1}
  - {x: -1, y: 0, z: 0, w: -1}
  - {x: -1, y: 0, z: 0, w: -1}
  - {x: -1, y: 0, z: 0, w: -1}
  - {x: 1, y: 0, z: 0, w: -1}
  - {x: 1, y: 0, z: 0, w: -1}
  - {x: 1, y: 0, z: 0, w: -1}
  - {x: 1, y: 0, z: 0, w: -1}
  - {x: -1, y: 0, z: 0, w: -1}
  - {x: -1, y: 0, z: 0, w: -1}
  - {x: -1, y: 0, z: 0, w: -1}
  - {x: -1, y: 0, z: 0, w: -1}
  - {x: 1, y: 0, z: 0, w: -1}
  - {x: 1, y: 0, z: 0, w: -1}
  - {x: 1, y: 0, z: 0, w: -1}
  - {x: 1, y: 0, z: 0, w: -1}
  - {x: -1, y: 0, z: 0, w: -1}
  - {x: -1, y: 0, z: 0, w: -1}
  - {x: -1, y: 0, z: 0, w: -1}
  - {x: -1, y: 0, z: 0, w: -1}
  - {x: 1, y: 0, z: 0, w: -1}
  - {x: 1, y: 0, z: 0, w: -1}
  - {x: 1, y: 0, z: 0, w: -1}
  - {x: 1, y: 0, z: 0, w: -1}
  - {x: -1, y: 0, z: 0, w: -1}
  - {x: -1, y: 0, z: 0, w: -1}
  - {x: -1, y: 0, z: 0, w: -1}
  - {x: -1, y: 0, z: 0, w: -1}
  - {x: 1, y: 0, z: 0, w: -1}
  - {x: 1, y: 0, z: 0, w: -1}
  - {x: 1, y: 0, z: 0, w: -1}
  - {x: 1, y: 0, z: 0, w: -1}
  - {x: -1, y: 0, z: 0, w: -1}
  - {x: -1, y: 0, z: 0, w: -1}
  - {x: -1, y: 0, z: 0, w: -1}
  - {x: -1, y: 0, z: 0, w: -1}
  - {x: 1, y: 0, z: 0, w: -1}
  - {x: 1, y: 0, z: 0, w: -1}
  - {x: 1, y: 0, z: 0, w: -1}
  - {x: 1, y: 0, z: 0, w: -1}
  - {x: -1, y: 0, z: 0, w: -1}
  - {x: -1, y: 0, z: 0, w: -1}
  - {x: -1, y: 0, z: 0, w: -1}
  - {x: -1, y: 0, z: 0, w: -1}
  - {x: 1, y: 0, z: 0, w: -1}
  - {x: 1, y: 0, z: 0, w: -1}
  - {x: 1, y: 0, z: 0, w: -1}
  - {x: 1, y: 0, z: 0, w: -1}
  - {x: -1, y: 0, z: 0, w: -1}
  - {x: -1, y: 0, z: 0, w: -1}
  - {x: -1, y: 0, z: 0, w: -1}
  - {x: -1, y: 0, z: 0, w: -1}
  - {x: 1, y: 0, z: 0, w: -1}
  - {x: 1, y: 0, z: 0, w: -1}
  - {x: 1, y: 0, z: 0, w: -1}
  - {x: 1, y: 0, z: 0, w: -1}
  - {x: -1, y: 0, z: 0, w: -1}
  - {x: -1, y: 0, z: 0, w: -1}
  - {x: -1, y: 0, z: 0, w: -1}
  - {x: -1, y: 0, z: 0, w: -1}
  - {x: 1, y: 0, z: 0, w: -1}
  - {x: 1, y: 0, z: 0, w: -1}
  - {x: 1, y: 0, z: 0, w: -1}
  - {x: 1, y: 0, z: 0, w: -1}
  - {x: -1, y: 0, z: 0, w: -1}
  - {x: -1, y: 0, z: 0, w: -1}
  - {x: -1, y: 0, z: 0, w: -1}
  - {x: -1, y: 0, z: 0, w: -1}
  - {x: 1, y: 0, z: 0, w: -1}
  - {x: 1, y: 0, z: 0, w: -1}
  - {x: 1, y: 0, z: 0, w: -1}
  - {x: 1, y: 0, z: 0, w: -1}
  - {x: -1, y: 0, z: 0, w: -1}
  - {x: -1, y: 0, z: 0, w: -1}
  - {x: -1, y: 0, z: 0, w: -1}
  - {x: -1, y: 0, z: 0, w: -1}
  - {x: 1, y: 0, z: 0, w: -1}
  - {x: 1, y: 0, z: 0, w: -1}
  - {x: 1, y: 0, z: 0, w: -1}
  - {x: 1, y: 0, z: 0, w: -1}
  - {x: -1, y: 0, z: 0, w: -1}
  - {x: -1, y: 0, z: 0, w: -1}
  - {x: -1, y: 0, z: 0, w: -1}
  - {x: -1, y: 0, z: 0, w: -1}
  - {x: 1, y: 0, z: 0, w: -1}
  - {x: 1, y: 0, z: 0, w: -1}
  - {x: 1, y: 0, z: 0, w: -1}
  - {x: 1, y: 0, z: 0, w: -1}
  - {x: -1, y: 0, z: 0, w: -1}
  - {x: -1, y: 0, z: 0, w: -1}
  - {x: -1, y: 0, z: 0, w: -1}
  - {x: -1, y: 0, z: 0, w: -1}
  - {x: 1, y: 0, z: 0, w: -1}
  - {x: 1, y: 0, z: 0, w: -1}
  - {x: 1, y: 0, z: 0, w: -1}
  - {x: 1, y: 0, z: 0, w: -1}
  - {x: -1, y: 0, z: 0, w: -1}
  - {x: -1, y: 0, z: 0, w: -1}
  - {x: -1, y: 0, z: 0, w: -1}
  - {x: -1, y: 0, z: 0, w: -1}
  - {x: 1, y: 0, z: 0, w: -1}
  - {x: 1, y: 0, z: 0, w: -1}
  - {x: 1, y: 0, z: 0, w: -1}
  - {x: 1, y: 0, z: 0, w: -1}
  m_Colors: []
  m_UnwrapParameters:
    m_HardAngle: 88
    m_PackMargin: 20
    m_AngleError: 8
    m_AreaError: 15
  m_PreserveMeshAssetOnDestroy: 0
  assetGuid: 
  m_Mesh: {fileID: 0}
  m_VersionIndex: 11317
  m_IsSelectable: 1
  m_SelectedFaces: 
  m_SelectedEdges: []
  m_SelectedVertices: 
--- !u!114 &8274423540421837652
MonoBehaviour:
  m_ObjectHideFlags: 0
  m_CorrespondingSourceObject: {fileID: 0}
  m_PrefabInstance: {fileID: 0}
  m_PrefabAsset: {fileID: 0}
  m_GameObject: {fileID: 8274423540421837649}
  m_Enabled: 1
  m_EditorHideFlags: 0
  m_Script: {fileID: 11500000, guid: 1ca002da428252441b92f28d83c8a65f, type: 3}
  m_Name: 
  m_EditorClassIdentifier: 
  m_Shape:
    rid: 6774233628136177665
  m_Size: {x: -13.901758, y: 8.811365, z: 0.27829498}
  m_Rotation: {x: 0, y: 0, z: 0, w: 1}
  m_PivotLocation: 1
  m_PivotPosition: {x: 0, y: 0, z: 0}
  m_UnmodifiedMeshVersion: 11308
  m_ShapeBox:
    m_Center: {x: -6.9304485, y: 4.4056826, z: 0.7333565}
    m_Extent: {x: 6.950879, y: 4.4056826, z: 0.13914752}
  references:
    version: 2
    RefIds:
    - rid: 6774233628136177665
      type: {class: Arch, ns: UnityEngine.ProBuilder.Shapes, asm: Unity.ProBuilder}
      data:
        m_Thickness: 0.2
        m_NumberOfSides: 18
        m_ArchDegrees: 180
        m_EndCaps: 1
        m_Smooth: 1
--- !u!23 &8274423540421837653
MeshRenderer:
  m_ObjectHideFlags: 0
  m_CorrespondingSourceObject: {fileID: 0}
  m_PrefabInstance: {fileID: 0}
  m_PrefabAsset: {fileID: 0}
  m_GameObject: {fileID: 8274423540421837649}
  m_Enabled: 1
  m_CastShadows: 1
  m_ReceiveShadows: 1
  m_DynamicOccludee: 1
  m_StaticShadowCaster: 0
  m_MotionVectors: 1
  m_LightProbeUsage: 1
  m_ReflectionProbeUsage: 1
  m_RayTracingMode: 2
  m_RayTraceProcedural: 0
  m_RenderingLayerMask: 1
  m_RendererPriority: 0
  m_Materials:
  - {fileID: 2100000, guid: 7e2a863f1dac6a74d8f7d90624fdfd0c, type: 2}
  m_StaticBatchInfo:
    firstSubMesh: 0
    subMeshCount: 0
  m_StaticBatchRoot: {fileID: 0}
  m_ProbeAnchor: {fileID: 0}
  m_LightProbeVolumeOverride: {fileID: 0}
  m_ScaleInLightmap: 1
  m_ReceiveGI: 1
  m_PreserveUVs: 0
  m_IgnoreNormalsForChartDetection: 0
  m_ImportantGI: 0
  m_StitchLightmapSeams: 1
  m_SelectedEditorRenderState: 3
  m_MinimumChartSize: 4
  m_AutoUVMaxDistance: 0.5
  m_AutoUVMaxAngle: 89
  m_LightmapParameters: {fileID: 0}
  m_SortingLayerID: 0
  m_SortingLayer: 0
  m_SortingOrder: 0
  m_AdditionalVertexStreams: {fileID: 0}
--- !u!33 &8274423540421837654
MeshFilter:
  m_ObjectHideFlags: 0
  m_CorrespondingSourceObject: {fileID: 0}
  m_PrefabInstance: {fileID: 0}
  m_PrefabAsset: {fileID: 0}
  m_GameObject: {fileID: 8274423540421837649}
  m_Mesh: {fileID: 0}
--- !u!64 &8274423540421837655
MeshCollider:
  m_ObjectHideFlags: 0
  m_CorrespondingSourceObject: {fileID: 0}
  m_PrefabInstance: {fileID: 0}
  m_PrefabAsset: {fileID: 0}
  m_GameObject: {fileID: 8274423540421837649}
  m_Material: {fileID: 0}
  m_IsTrigger: 0
  m_Enabled: 0
  serializedVersion: 4
  m_Convex: 0
  m_CookingOptions: 30
  m_Mesh: {fileID: 0}
--- !u!114 &8274423540421837648
MonoBehaviour:
  m_ObjectHideFlags: 0
  m_CorrespondingSourceObject: {fileID: 0}
  m_PrefabInstance: {fileID: 0}
  m_PrefabAsset: {fileID: 0}
  m_GameObject: {fileID: 8274423540421837649}
  m_Enabled: 1
  m_EditorHideFlags: 0
  m_Script: {fileID: 11500000, guid: f02f0cd3a8bda2445af9fda83da7c1f7, type: 3}
  m_Name: 
  m_EditorClassIdentifier: 
  velocidadInicial: 150
  aumentoVelocidad: 25
  velocidadMaxima: 400
